timestamp,lat,lon
1727785700,52.043258166977644,58.30832514676707
1727785701,52.043258166977644,58.30832514676707
1727785701,52.043258166977644,58.30832514676707
1727785700,52.043258166977644,58.30832514676707
1727785701,52.043258166977644,58.30832514676707
1727785701,52.043258166977644,58.30832514676707
1727785701,52.043258166977644,58.30832514676707
1727785701,52.043258166977644,58.30832514676707
1727785701,52.043258166977644,58.30832514676707
1727785702,52.043258166977644,58.30832514676707
1727785701,52.043258166977644,58.30832514676707
1727785701,52.043258166977644,58.30832514676707
1727785702,52.043258166977644,58.30832514676707
1727785702,52.043258166977644,58.30832514676707
1727785702,52.043258166977644,58.30832514676707
1727785702,52.043258166977644,58.30832514676707
1727785702,52.043258166977644,58.30832514676707
1727785702,52.043258166977644,58.30832514676707
1727785703,52.043258166977644,58.30832514676707
1727785703,52.043258166977644,58.30832514676707
1727785702,52.043258166977644,58.30832514676707
1727785702,52.043258166977644,58.30832514676707
1727785703,52.043258166977644,58.30832514676707
1727785703,52.043258166977644,58.30832514676707
1727785703,52.043258166977644,58.30832514676707
1727785703,52.043258166977644,58.30832514676707
1727785703,52.043258166977644,58.30832514676707
1727785703,52.043258166977644,58.30832514676707
1727785703,52.043258166977644,58.30832514676707
1727785703,52.043258166977644,58.30832514676707
1727785704,52.043258166977644,58.30832514676707
1727785704,52.043258166977644,58.30832514676707
1727785704,52.043258166977644,58.30832514676707
1727785704,52.043258166977644,58.30832514676707
1727785704,52.043258166977644,58.30832514676707
1727785704,52.043258166977644,58.30832514676707
1727785704,52.043258166977644,58.30832514676707
1727796289,52.04319649697764,58.30780181676707
1727801014,52.04764649697764,58.29793348676707
1727791162,52.04325649697764,58.30828014676707
1727802287,52.04760149697764,58.29795514676707
1727762988,52.084596496977646,58.237813486767074
1727797743,52.043144836977646,58.30790681676707
1727730034,52.08460149697764,58.23782348676707
1727778414,52.04773483697764,58.29779014676707
1727782280,52.043246496977645,58.30862348676707
1727779988,52.043206496977646,58.30855514676707
1727783010,52.043274836977645,58.30855848676707
1727785723,52.043258166977644,58.30832514676707
1727785723,52.043258166977644,58.30832514676707
1727785723,52.043258166977644,58.30832514676707
1727785723,52.043258166977644,58.30832514676707
1727785723,52.043258166977644,58.30832514676707
1727785723,52.043258166977644,58.30832514676707
1727785723,52.043258166977644,58.30832514676707
1727785724,52.043258166977644,58.30832514676707
1727785724,52.043258166977644,58.30832514676707
1727785724,52.043258166977644,58.30832514676707
1727785724,52.043258166977644,58.30832514676707
1727785723,52.043258166977644,58.30832514676707
1727785724,52.043258166977644,58.30832514676707
1727785724,52.043258166977644,58.30832514676707
1727785724,52.043258166977644,58.30832514676707
1727785724,52.043258166977644,58.30832514676707
1727785724,52.043258166977644,58.30832514676707
1727785724,52.043258166977644,58.30832514676707
1727785725,52.043258166977644,58.30832514676707
1727785725,52.043258166977644,58.30832514676707
1727785725,52.043258166977644,58.30832514676707
1727785725,52.043258166977644,58.30832514676707
1727785725,52.043258166977644,58.30832514676707
1727785725,52.043258166977644,58.30832514676707
1727785725,52.043258166977644,58.30832514676707
1727785725,52.043258166977644,58.30832514676707
1727785725,52.043258166977644,58.30832514676707
1727785726,52.043258166977644,58.30832514676707
1727785726,52.043258166977644,58.30832514676707
1727779988,52.043206496977646,58.30855514676707
1727779989,52.04320316697764,58.30854848676707
1727779989,52.04320316697764,58.30854848676707
1727779989,52.04320316697764,58.30854848676707
1727779989,52.04320316697764,58.30854848676707
1727779989,52.04320316697764,58.30854848676707
1727779989,52.04320316697764,58.30854848676707
1727779989,52.04320316697764,58.30854848676707
1727779989,52.04320316697764,58.30854848676707
1727779990,52.04320316697764,58.30854848676707
1727779990,52.04321483697764,58.30854181676707
1727779990,52.04320316697764,58.30854848676707
1727779990,52.04321483697764,58.30854181676707
1727779990,52.04321483697764,58.30854181676707
1727779990,52.04321483697764,58.30854181676707
1727779990,52.04321483697764,58.30854181676707
1727779990,52.04321483697764,58.30854181676707
1727779991,52.04321483697764,58.30854181676707
1727779990,52.04321483697764,58.30854181676707
1727779991,52.04321483697764,58.30854181676707
1727779991,52.043218166977645,58.30852514676707
1727779991,52.043218166977645,58.30852514676707
1727779991,52.043218166977645,58.30852514676707
1727779991,52.043218166977645,58.30852514676707
1727779991,52.043218166977645,58.30852514676707
1727779991,52.043218166977645,58.30852514676707
1727779991,52.043218166977645,58.30852514676707
1727779992,52.043218166977645,58.30852514676707
1727779992,52.043218166977645,58.30851348676707
1727779991,52.043218166977645,58.30852514676707
1727779991,52.043218166977645,58.30852514676707
1727779992,52.043218166977645,58.30851348676707
1727779992,52.043218166977645,58.30851348676707
1727779992,52.043218166977645,58.30851348676707
1727779992,52.043218166977645,58.30851348676707
1727779992,52.043218166977645,58.30851348676707
1727779992,52.043218166977645,58.30851348676707
1727779992,52.043218166977645,58.30851348676707
1727779992,52.043218166977645,58.30851348676707
1727779993,52.043218166977645,58.30851348676707
1727779993,52.04322483697764,58.30850348676707
1727779993,52.04322483697764,58.30850348676707
1727779993,52.04322483697764,58.30850348676707
1727779994,52.04322483697764,58.30850348676707
1727779993,52.043218166977645,58.30851348676707
1727779993,52.043218166977645,58.30851348676707
1727779993,52.04322483697764,58.30850348676707
1727779993,52.04322483697764,58.30850348676707
1727779993,52.04322483697764,58.30850348676707
1727779993,52.04322483697764,58.30850348676707
1727779997,52.043206496977646,58.308483486767074
1727779997,52.043206496977646,58.308483486767074
1727779997,52.043206496977646,58.308483486767074
1727779997,52.043206496977646,58.308483486767074
1727779998,52.043206496977646,58.308483486767074
1727779998,52.043204836977644,58.30848181676707
1727779998,52.043204836977644,58.30848181676707
1727779999,52.043204836977644,58.30848181676707
1727779999,52.043204836977644,58.30848181676707
1727779997,52.043206496977646,58.308483486767074
1727779997,52.043206496977646,58.308483486767074
1727779997,52.043206496977646,58.308483486767074
1727779997,52.043206496977646,58.308483486767074
1727780162,52.043201496977645,58.30853514676707
1727779998,52.043204836977644,58.30848181676707
1727779998,52.043204836977644,58.30848181676707
1727779998,52.043204836977644,58.30848181676707
1727779998,52.043204836977644,58.30848181676707
1727779998,52.043204836977644,58.30848181676707
1727779998,52.043204836977644,58.30848181676707
1727779999,52.04320816697764,58.30847848676707
1727779999,52.04320816697764,58.30847848676707
1727785713,52.043258166977644,58.30832514676707
1727785713,52.043258166977644,58.30832514676707
1727785713,52.043258166977644,58.30832514676707
1727785713,52.043258166977644,58.30832514676707
1727785713,52.043258166977644,58.30832514676707
1727785713,52.043258166977644,58.30832514676707
1727785713,52.043258166977644,58.30832514676707
1727785713,52.043258166977644,58.30832514676707
1727785713,52.043258166977644,58.30832514676707
1727785714,52.043258166977644,58.30832514676707
1727785714,52.043258166977644,58.30832514676707
1727785714,52.043258166977644,58.30832514676707
1727785713,52.043258166977644,58.30832514676707
1727785714,52.043258166977644,58.30832514676707
1727785714,52.043258166977644,58.30832514676707
1727785714,52.043258166977644,58.30832514676707
1727785714,52.043258166977644,58.30832514676707
1727785714,52.043258166977644,58.30832514676707
1727785714,52.043258166977644,58.30832514676707
1727785715,52.043258166977644,58.30832514676707
1727785715,52.043258166977644,58.30832514676707
1727785715,52.043258166977644,58.30832514676707
1727785715,52.043258166977644,58.30832514676707
1727785714,52.043258166977644,58.30832514676707
1727785715,52.043258166977644,58.30832514676707
1727785715,52.043258166977644,58.30832514676707
1727785715,52.043258166977644,58.30832514676707
1727785715,52.043258166977644,58.30832514676707
1727785715,52.043258166977644,58.30832514676707
1727785715,52.043258166977644,58.30832514676707
1727785716,52.043258166977644,58.30832514676707
1727785716,52.043258166977644,58.30832514676707
1727785715,52.043258166977644,58.30832514676707
1727785716,52.043258166977644,58.30832514676707
1727785716,52.043258166977644,58.30832514676707
1727785716,52.043258166977644,58.30832514676707
1727785716,52.043258166977644,58.30832514676707
1727785716,52.043258166977644,58.30832514676707
1727785716,52.043258166977644,58.30832514676707
1727785717,52.043258166977644,58.30832514676707
1727785717,52.043258166977644,58.30832514676707
1727785717,52.043258166977644,58.30832514676707
1727785717,52.043258166977644,58.30832514676707
1727785717,52.043258166977644,58.30832514676707
1727779999,52.04320816697764,58.30847848676707
1727779999,52.04320816697764,58.30847848676707
1727779999,52.04320816697764,58.30847848676707
1727779999,52.04320816697764,58.30847848676707
1727779999,52.04320816697764,58.30847848676707
1727780000,52.04320816697764,58.30847848676707
1727780000,52.04320816697764,58.30847848676707
1727779999,52.04320816697764,58.30847848676707
1727785716,52.043258166977644,58.30832514676707
1727785716,52.043258166977644,58.30832514676707
1727785717,52.043258166977644,58.30832514676707
1727785717,52.043258166977644,58.30832514676707
1727785717,52.043258166977644,58.30832514676707
1727785717,52.043258166977644,58.30832514676707
1727785717,52.043258166977644,58.30832514676707
1727779999,52.04320816697764,58.30847848676707
1727780000,52.04320816697764,58.30847848676707
1727785717,52.043258166977644,58.30832514676707
1727785718,52.043258166977644,58.30832514676707
1727785718,52.043258166977644,58.30832514676707
1727785718,52.043258166977644,58.30832514676707
1727785718,52.043258166977644,58.30832514676707
1727785718,52.043258166977644,58.30832514676707
1727785718,52.043258166977644,58.30832514676707
1727785718,52.043258166977644,58.30832514676707
1727785718,52.043258166977644,58.30832514676707
1727785718,52.043258166977644,58.30832514676707
1727780000,52.04320816697764,58.30847848676707
1727780000,52.04320816697764,58.30847848676707
1727785719,52.043258166977644,58.30832514676707
1727785719,52.043258166977644,58.30832514676707
1727785719,52.043258166977644,58.30832514676707
1727785719,52.043258166977644,58.30832514676707
1727785719,52.043258166977644,58.30832514676707
1727785719,52.043258166977644,58.30832514676707
1727785719,52.043258166977644,58.30832514676707
1727785720,52.043258166977644,58.30832514676707
1727785719,52.043258166977644,58.30832514676707
1727785720,52.043258166977644,58.30832514676707
1727780000,52.04320816697764,58.30847848676707
1727780000,52.04320816697764,58.30847848676707
1727785720,52.043258166977644,58.30832514676707
1727785720,52.043258166977644,58.30832514676707
1727785720,52.043258166977644,58.30832514676707
1727785720,52.043258166977644,58.30832514676707
1727785720,52.043258166977644,58.30832514676707
1727785720,52.043258166977644,58.30832514676707
1727785720,52.043258166977644,58.30832514676707
1727785720,52.043258166977644,58.30832514676707
1727785721,52.043258166977644,58.30832514676707
1727785721,52.043258166977644,58.30832514676707
1727785721,52.043258166977644,58.30832514676707
1727785721,52.043258166977644,58.30832514676707
1727785722,52.043258166977644,58.30832514676707
1727785722,52.043258166977644,58.30832514676707
1727785721,52.043258166977644,58.30832514676707
1727785721,52.043258166977644,58.30832514676707
1727785721,52.043258166977644,58.30832514676707
1727785721,52.043258166977644,58.30832514676707
1727780000,52.04320816697764,58.30847848676707
1727810647,52.047611496977645,58.29792181676707
1727783652,52.043243166977646,58.30858348676707
1727779769,52.04324816697764,58.30861181676707
1727778186,52.04773483697764,58.29778181676707
1727776944,52.08445149697764,58.23786514676707
1727734234,52.084603166977644,58.23782514676707
1727779514,52.04322816697764,58.308590146767074
1727776948,52.08445149697764,58.23786514676707
1727783616,52.043234836977646,58.30857681676707
1727813047,52.047603166977645,58.29794014676707
1727776944,52.08445149697764,58.23786514676707
1727776944,52.08445149697764,58.23786514676707
1727776944,52.08445149697764,58.23786514676707
1727776945,52.08445149697764,58.23786514676707
1727776944,52.08445149697764,58.23786514676707
1727776944,52.08445149697764,58.23786514676707
1727776944,52.08445149697764,58.23786514676707
1727776944,52.08445149697764,58.23786514676707
1727776945,52.08445149697764,58.23786514676707
1727776944,52.08445149697764,58.23786514676707
1727776945,52.08445149697764,58.23786514676707
1727776945,52.08445149697764,58.23786514676707
1727776945,52.08445149697764,58.23786514676707
1727776945,52.08445149697764,58.23786514676707
1727776946,52.08445149697764,58.23786514676707
1727776946,52.08445149697764,58.23786514676707
1727776946,52.08445149697764,58.23786514676707
1727777458,52.06726316697764,58.26872014676707
1727776946,52.08445149697764,58.23786514676707
1727776946,52.08445149697764,58.23786514676707
1727776947,52.08445149697764,58.23786514676707
1727776947,52.08445149697764,58.23786514676707
1727776946,52.08445149697764,58.23786514676707
1727776947,52.08445149697764,58.23786514676707
1727802650,52.04760149697764,58.29795514676707
1727790053,52.043251496977646,58.30833514676707
1727792185,52.043271496977646,58.30823514676707
1727778699,52.047721496977644,58.29786181676707
1727741986,52.08459316697764,58.23781514676707
1727803473,52.04760149697764,58.29795514676707
1727782371,52.04325983697764,58.30860681676707
1727782371,52.04325983697764,58.30860681676707
1727782430,52.04324149697764,58.30863348676707
1727807647,52.047611496977645,58.29792181676707
1727798380,52.04313316697764,58.30766681676707
1727754587,52.084603166977644,58.23781681676707
1727778310,52.04774149697764,58.29779681676707
1727778746,52.047721496977644,58.29786681676707
1727796198,52.043148166977645,58.30789181676707
1727776962,52.084506496977646,58.23788681676707
1727776962,52.084506496977646,58.23788681676707
1727776962,52.084506496977646,58.23788681676707
1727776962,52.084506496977646,58.23788681676707
1727776962,52.084506496977646,58.23788681676707
1727776962,52.084506496977646,58.23788681676707
1727776962,52.084506496977646,58.23788681676707
1727776962,52.084506496977646,58.23788681676707
1727776963,52.084506496977646,58.23788681676707
1727776963,52.084506496977646,58.23788681676707
1727776963,52.08447983697764,58.23786348676707
1727776962,52.084506496977646,58.23788681676707
1727777549,52.05558816697764,58.27676848676707
1727776962,52.084506496977646,58.23788681676707
1727776963,52.084506496977646,58.23788681676707
1727776963,52.08447983697764,58.23786348676707
1727776963,52.08447983697764,58.23786348676707
1727776963,52.08447983697764,58.23786348676707
1727776963,52.08447983697764,58.23786348676707
1727776963,52.08447983697764,58.23786348676707
1727776964,52.08447983697764,58.23786348676707
1727776964,52.08447816697764,58.23786181676707
1727776964,52.08447816697764,58.23786181676707
1727776963,52.08447983697764,58.23786348676707
1727776963,52.08447983697764,58.23786348676707
1727776963,52.08447983697764,58.23786348676707
1727776964,52.08447983697764,58.23786348676707
1727776964,52.08447816697764,58.23786181676707
1727776964,52.08447816697764,58.23786181676707
1727776964,52.08447816697764,58.23786181676707
1727776964,52.08447816697764,58.23786181676707
1727776965,52.08447816697764,58.23786181676707
1727776965,52.08447816697764,58.23786014676707
1727776965,52.08447816697764,58.23786014676707
1727776965,52.08447816697764,58.23786014676707
1727776965,52.08447816697764,58.23786014676707
1727776965,52.08447816697764,58.23786014676707
1727776965,52.08447816697764,58.23786014676707
1727776964,52.08447816697764,58.23786181676707
1727776964,52.08447816697764,58.23786181676707
1727776964,52.08447816697764,58.23786181676707
1727776965,52.08447816697764,58.23786181676707
1727776965,52.08447816697764,58.23786014676707
1727776965,52.08447816697764,58.23786014676707
1727776965,52.08447816697764,58.23786014676707
1727777503,52.06216816697764,58.27231848676707
1727777525,52.05835816697764,58.27488514676707
1727777552,52.05520649697764,58.27703014676707
1727777568,52.05428316697764,58.27776181676707
1727781486,52.04323649697764,58.308581816767074
1727731834,52.08460149697764,58.23782348676707
1727767188,52.08458983697764,58.23780681676707
1727796651,52.04312149697764,58.30787681676707
1727798653,52.043026496977646,58.30896848676707
1727784642,52.04319149697764,58.30861348676707
1727784643,52.04319149697764,58.30861348676707
1727784671,52.04324483697764,58.30859348676707
1727784694,52.043274836977645,58.30859348676707
1727782141,52.04332649697764,58.30866014676707
1727783571,52.043234836977646,58.30858348676707
1727736034,52.084603166977644,58.23782514676707
1727785562,52.043258166977644,58.30832514676707
1727785562,52.043258166977644,58.30832514676707
1727785562,52.043258166977644,58.30832514676707
1727785562,52.043258166977644,58.30832514676707
1727785562,52.043258166977644,58.30832514676707
1727785563,52.043258166977644,58.30832514676707
1727785563,52.043258166977644,58.30832514676707
1727785563,52.043258166977644,58.30832514676707
1727785563,52.043258166977644,58.30832514676707
1727785563,52.043258166977644,58.30832514676707
1727785562,52.043258166977644,58.30832514676707
1727785563,52.043258166977644,58.30832514676707
1727785563,52.043258166977644,58.30832514676707
1727785563,52.043258166977644,58.30832514676707
1727785563,52.043258166977644,58.30832514676707
1727785564,52.043258166977644,58.30832514676707
1727785564,52.043258166977644,58.30832514676707
1727785564,52.043258166977644,58.30832514676707
1727785564,52.043258166977644,58.30832514676707
1727785564,52.043258166977644,58.30832514676707
1727785564,52.043258166977644,58.30832514676707
1727785564,52.043258166977644,58.30832514676707
1727785564,52.043258166977644,58.30832514676707
1727785564,52.043258166977644,58.30832514676707
1727785564,52.043258166977644,58.30832514676707
1727785565,52.043258166977644,58.30832514676707
1727785565,52.043258166977644,58.30832514676707
1727785565,52.043258166977644,58.30832514676707
1727785565,52.043258166977644,58.30832514676707
1727785565,52.043258166977644,58.30832514676707
1727785565,52.043258166977644,58.30832514676707
1727785565,52.043258166977644,58.30832514676707
1727785565,52.043258166977644,58.30832514676707
1727785565,52.043258166977644,58.30832514676707
1727785565,52.043258166977644,58.30832514676707
1727785569,52.043258166977644,58.30832514676707
1727785569,52.043258166977644,58.30832514676707
1727785569,52.043258166977644,58.30832514676707
1727785569,52.043258166977644,58.30832514676707
1727785570,52.043258166977644,58.30832514676707
1727785570,52.043258166977644,58.30832514676707
1727785570,52.043258166977644,58.30832514676707
1727785570,52.043258166977644,58.30832514676707
1727784533,52.04322316697764,58.30849681676707
1727733034,52.08460149697764,58.23782348676707
1727798289,52.04316649697764,58.30774348676707
1727781115,52.043238166977645,58.30860848676707
1727800562,52.04764649697764,58.29793348676707
1727780000,52.04320816697764,58.30847848676707
1727780001,52.04320816697764,58.30847848676707
1727780001,52.04320816697764,58.30847848676707
1727780001,52.04320816697764,58.30847848676707
1727780001,52.04320816697764,58.30847848676707
1727780001,52.04320816697764,58.30847848676707
1727780001,52.04320816697764,58.30847848676707
1727787034,52.043246496977645,58.30832681676707
1727784574,52.043221496977644,58.30849348676707
1727796015,52.043206496977646,58.30784181676707
1727788403,52.043254836977646,58.30833348676707
1727785192,52.043279836977646,58.30857681676707
1727793734,52.043308166977646,58.30799348676707
1727791546,52.04326816697764,58.30825848676707
1727785294,52.04328649697764,58.30862514676707
1727785380,52.043299836977646,58.30859514676707
1727785380,52.043299836977646,58.30859514676707
1727785381,52.043299836977646,58.30859514676707
1727785380,52.043299836977646,58.30859514676707
1727785380,52.043299836977646,58.30859514676707
1727785381,52.043299836977646,58.30859514676707
1727785381,52.043299836977646,58.30859514676707
1727785381,52.043299836977646,58.30859514676707
1727785381,52.043299836977646,58.30859514676707
1727785381,52.043299836977646,58.30859514676707
1727785381,52.043299836977646,58.30859514676707
1727785381,52.043299836977646,58.30859514676707
1727785382,52.043299836977646,58.30859514676707
1727785382,52.043299836977646,58.30859514676707
1727785381,52.043299836977646,58.30859514676707
1727785381,52.043299836977646,58.30859514676707
1727785381,52.043299836977646,58.30859514676707
1727785381,52.043299836977646,58.30859514676707
1727785382,52.043299836977646,58.30859514676707
1727785382,52.043299836977646,58.30859514676707
1727785382,52.043299836977646,58.30859514676707
1727785382,52.043299836977646,58.30859514676707
1727785382,52.043299836977646,58.30859514676707
1727785382,52.043299836977646,58.30859514676707
1727785383,52.043299836977646,58.30859514676707
1727785383,52.043299836977646,58.30859514676707
1727785383,52.043299836977646,58.30859514676707
1727785383,52.043299836977646,58.30859514676707
1727785383,52.043299836977646,58.30859514676707
1727785383,52.043299836977646,58.30859514676707
1727785382,52.043299836977646,58.30859514676707
1727785382,52.043299836977646,58.30859514676707
1727785383,52.043299836977646,58.30859514676707
1727785383,52.043299836977646,58.30859514676707
1727785383,52.043299836977646,58.30859514676707
1727785384,52.043299836977646,58.30859514676707
1727785384,52.043299836977646,58.30859514676707
1727785384,52.043299836977646,58.30859514676707
1727785384,52.043299836977646,58.30859514676707
1727785383,52.043299836977646,58.30859514676707
1727785383,52.043299836977646,58.30859514676707
1727785384,52.043299836977646,58.30859514676707
1727785384,52.043299836977646,58.30859514676707
1727785384,52.043299836977646,58.30859514676707
1727785384,52.043299836977646,58.30859514676707
1727785385,52.043299836977646,58.30859514676707
1727785385,52.043299836977646,58.30859514676707
1727785385,52.043299836977646,58.30859514676707
1727785384,52.043299836977646,58.30859514676707
1727785385,52.043299836977646,58.30859514676707
1727785385,52.043299836977646,58.30859514676707
1727785385,52.043299836977646,58.30859514676707
1727785384,52.043299836977646,58.30859514676707
1727785385,52.043299836977646,58.30859514676707
1727785386,52.043299836977646,58.30859514676707
1727785386,52.043299836977646,58.30859514676707
1727785386,52.043299836977646,58.30859514676707
1727785386,52.043299836977646,58.30859514676707
1727785386,52.043299836977646,58.30859514676707
1727785385,52.043299836977646,58.30859514676707
1727785385,52.043299836977646,58.30859514676707
1727785386,52.043299836977646,58.30859514676707
1727785386,52.043299836977646,58.30859514676707
1727785386,52.043299836977646,58.30859514676707
1727785386,52.043299836977646,58.30859514676707
1727785386,52.043299836977646,58.30859514676707
1727785387,52.043299836977646,58.30859514676707
1727785387,52.043299836977646,58.30859514676707
1727785387,52.043299836977646,58.30859514676707
1727785387,52.043299836977646,58.30859514676707
1727785387,52.043299836977646,58.30859514676707
1727785387,52.043299836977646,58.30859514676707
1727785388,52.043299836977646,58.30859514676707
1727785387,52.043299836977646,58.30859514676707
1727785387,52.043299836977646,58.30859514676707
1727785387,52.043299836977646,58.30859514676707
1727785387,52.043299836977646,58.30859514676707
1727785387,52.043299836977646,58.30859514676707
1727785388,52.043299836977646,58.30859514676707
1727785388,52.043299836977646,58.30859514676707
1727785388,52.043299836977646,58.30859514676707
1727785388,52.043299836977646,58.30859514676707
1727785388,52.043299836977646,58.30859514676707
1727785388,52.043299836977646,58.30859514676707
1727785388,52.043299836977646,58.30859514676707
1727785388,52.043299836977646,58.30859514676707
1727785388,52.043299836977646,58.30859514676707
1727785389,52.043299836977646,58.30859514676707
1727785388,52.043299836977646,58.30859514676707
1727785389,52.043299836977646,58.30859514676707
1727785389,52.043299836977646,58.30859514676707
1727785389,52.043299836977646,58.30859514676707
1727785389,52.043299836977646,58.30859514676707
1727785389,52.043299836977646,58.30859514676707
1727785389,52.043299836977646,58.30859514676707
1727785389,52.043299836977646,58.30859514676707
1727785721,52.043258166977644,58.30832514676707
1727779031,52.043299836977646,58.30892514676707
1727779014,52.04354649697764,58.30996181676707
1727779033,52.04328649697764,58.30877181676707
1727779042,52.043303166977644,58.30861181676707
1727779043,52.043303166977644,58.30861181676707
1727779043,52.043303166977644,58.30861181676707
1727779043,52.043303166977644,58.30860681676707
1727779043,52.043303166977644,58.30861181676707
1727779043,52.043303166977644,58.30860681676707
1727779043,52.043303166977644,58.30860681676707
1727779043,52.043303166977644,58.30860681676707
1727779043,52.043303166977644,58.30860681676707
1727779043,52.043303166977644,58.30860681676707
1727779043,52.043303166977644,58.30860681676707
1727779044,52.043303166977644,58.30860681676707
1727779044,52.04330649697764,58.30860348676707
1727779044,52.043303166977644,58.30860681676707
1727779044,52.043303166977644,58.30860681676707
1727779044,52.04330649697764,58.30860348676707
1727791348,52.04325649697764,58.30828014676707
1727779980,52.043213166977644,58.30861014676707
1727779981,52.043213166977644,58.30861014676707
1727779981,52.043213166977644,58.30861014676707
1727779981,52.04321483697764,58.30860014676707
1727779981,52.04321483697764,58.30860014676707
1727779981,52.04321483697764,58.30860014676707
1727779981,52.04321483697764,58.30860014676707
1727779981,52.04321483697764,58.30860014676707
1727779981,52.04321483697764,58.30860014676707
1727779981,52.04321483697764,58.30860014676707
1727779981,52.04321483697764,58.30860014676707
1727779982,52.04321649697764,58.30859181676707
1727779982,52.04321649697764,58.30859181676707
1727780070,52.04318649697764,58.30845181676707
1727779982,52.04321483697764,58.30860014676707
1727779982,52.04321649697764,58.30859181676707
1727779982,52.04321649697764,58.30859181676707
1727779982,52.04321649697764,58.30859181676707
1727779982,52.04321649697764,58.30859181676707
1727779982,52.04321649697764,58.30859181676707
1727779982,52.04321649697764,58.30859181676707
1727779983,52.04321649697764,58.30859181676707
1727779983,52.04321483697764,58.30858348676707
1727779983,52.04321483697764,58.30858348676707
1727779983,52.04321483697764,58.30858348676707
1727779983,52.04321649697764,58.30859181676707
1727779983,52.04321483697764,58.30858348676707
1727779983,52.04321483697764,58.30858348676707
1727779983,52.04321483697764,58.30858348676707
1727779983,52.04321483697764,58.30858348676707
1727779983,52.04321483697764,58.30858348676707
1727779983,52.04321483697764,58.30858348676707
1727779984,52.04321483697764,58.30858348676707
1727779984,52.043209836977645,58.30857514676707
1727779984,52.043209836977645,58.30857514676707
1727779984,52.043209836977645,58.30857514676707
1727779984,52.043209836977645,58.30857514676707
1727779984,52.043209836977645,58.30857514676707
1727779984,52.043209836977645,58.30857514676707
1727779984,52.043209836977645,58.30857514676707
1727779984,52.043209836977645,58.30857514676707
1727779985,52.043209836977645,58.30857514676707
1727779985,52.04321149697764,58.308581816767074
1727779985,52.04321149697764,58.308581816767074
1727779985,52.04321149697764,58.308581816767074
1727779985,52.04321149697764,58.308581816767074
1727779985,52.04321149697764,58.308581816767074
1727779985,52.04321149697764,58.308581816767074
1727779986,52.04321149697764,58.308581816767074
1727779986,52.043206496977646,58.30857514676707
1727779986,52.043206496977646,58.30857514676707
1727779984,52.043209836977645,58.30857514676707
1727779985,52.043209836977645,58.30857514676707
1727779985,52.04321149697764,58.308581816767074
1727779985,52.04321149697764,58.308581816767074
1727779986,52.04321149697764,58.308581816767074
1727779986,52.043206496977646,58.30857514676707
1727779986,52.043206496977646,58.30857514676707
1727779986,52.043206496977646,58.30857514676707
1727779986,52.043206496977646,58.30857514676707
1727779986,52.043206496977646,58.30857514676707
1727779986,52.043206496977646,58.30857514676707
1727779987,52.043206496977646,58.30857514676707
1727779986,52.043206496977646,58.30857514676707
1727779987,52.04319983697764,58.30856181676707
1727779987,52.04319983697764,58.30856181676707
1727779987,52.04319983697764,58.30856181676707
1727779987,52.04319983697764,58.30856181676707
1727779987,52.04319983697764,58.30856181676707
1727779987,52.04319983697764,58.30856181676707
1727779987,52.04319983697764,58.30856181676707
1727779987,52.04319983697764,58.30856181676707
1727779988,52.043206496977646,58.30855514676707
1727779988,52.04319983697764,58.30856181676707
1727779988,52.043206496977646,58.30855514676707
1727779988,52.043206496977646,58.30855514676707
1727779988,52.043206496977646,58.30855514676707
1727779988,52.043206496977646,58.30855514676707
1727779988,52.043206496977646,58.30855514676707
1727779989,52.043206496977646,58.30855514676707
1727779989,52.043206496977646,58.30855514676707
1727779989,52.04320316697764,58.30854848676707
1727785722,52.043258166977644,58.30832514676707
1727785722,52.043258166977644,58.30832514676707
1727785722,52.043258166977644,58.30832514676707
1727785722,52.043258166977644,58.30832514676707
1727785722,52.043258166977644,58.30832514676707
1727785722,52.043258166977644,58.30832514676707
1727785722,52.043258166977644,58.30832514676707
1727785722,52.043258166977644,58.30832514676707
1727785722,52.043258166977644,58.30832514676707
1727785723,52.043258166977644,58.30832514676707
1727776917,52.08444983697764,58.23786514676707
1727800652,52.04764649697764,58.29793348676707
1727771988,52.08458483697764,58.23780681676707
1727800832,52.04764649697764,58.29793348676707
1727776917,52.08444983697764,58.23786514676707
1727776917,52.08444983697764,58.23786514676707
1727776917,52.08444983697764,58.23786514676707
1727776917,52.08444983697764,58.23786514676707
1727776917,52.08444983697764,58.23786514676707
1727776918,52.08444983697764,58.23786514676707
1727776918,52.08444983697764,58.23786514676707
1727776918,52.08444983697764,58.23786514676707
1727776918,52.08444983697764,58.23786514676707
1727776919,52.08444983697764,58.23786514676707
1727776918,52.08444983697764,58.23786514676707
1727776918,52.08444983697764,58.23786514676707
1727776918,52.08444983697764,58.23786514676707
1727776919,52.08444983697764,58.23786514676707
1727776919,52.08444983697764,58.23786514676707
1727776919,52.08444983697764,58.23786514676707
1727776919,52.08444983697764,58.23786514676707
1727776919,52.08444983697764,58.23786514676707
1727776919,52.08444983697764,58.23786514676707
1727776919,52.08444983697764,58.23786514676707
1727785546,52.043258166977644,58.30832514676707
1727785611,52.043258166977644,58.30832514676707
1727785611,52.043258166977644,58.30832514676707
1727785611,52.043258166977644,58.30832514676707
1727785611,52.043258166977644,58.30832514676707
1727785611,52.043258166977644,58.30832514676707
1727785611,52.043258166977644,58.30832514676707
1727785612,52.043258166977644,58.30832514676707
1727785611,52.043258166977644,58.30832514676707
1727785611,52.043258166977644,58.30832514676707
1727785611,52.043258166977644,58.30832514676707
1727785611,52.043258166977644,58.30832514676707
1727785611,52.043258166977644,58.30832514676707
1727785612,52.043258166977644,58.30832514676707
1727785612,52.043258166977644,58.30832514676707
1727785612,52.043258166977644,58.30832514676707
1727785612,52.043258166977644,58.30832514676707
1727785612,52.043258166977644,58.30832514676707
1727785613,52.043258166977644,58.30832514676707
1727785613,52.043258166977644,58.30832514676707
1727785612,52.043258166977644,58.30832514676707
1727785612,52.043258166977644,58.30832514676707
1727785612,52.043258166977644,58.30832514676707
1727785613,52.043258166977644,58.30832514676707
1727785613,52.043258166977644,58.30832514676707
1727785613,52.043258166977644,58.30832514676707
1727785613,52.043258166977644,58.30832514676707
1727785613,52.043258166977644,58.30832514676707
1727785614,52.043258166977644,58.30832514676707
1727785614,52.043258166977644,58.30832514676707
1727785614,52.043258166977644,58.30832514676707
1727785614,52.043258166977644,58.30832514676707
1727785613,52.043258166977644,58.30832514676707
1727785613,52.043258166977644,58.30832514676707
1727785613,52.043258166977644,58.30832514676707
1727785614,52.043258166977644,58.30832514676707
1727785614,52.043258166977644,58.30832514676707
1727785614,52.043258166977644,58.30832514676707
1727785614,52.043258166977644,58.30832514676707
1727785614,52.043258166977644,58.30832514676707
1727785615,52.043258166977644,58.30832514676707
1727785615,52.043258166977644,58.30832514676707
1727785615,52.043258166977644,58.30832514676707
1727785615,52.043258166977644,58.30832514676707
1727785615,52.043258166977644,58.30832514676707
1727785614,52.043258166977644,58.30832514676707
1727785614,52.043258166977644,58.30832514676707
1727785614,52.043258166977644,58.30832514676707
1727785615,52.043258166977644,58.30832514676707
1727785615,52.043258166977644,58.30832514676707
1727785615,52.043258166977644,58.30832514676707
1727785615,52.043258166977644,58.30832514676707
1727785616,52.043258166977644,58.30832514676707
1727785616,52.043258166977644,58.30832514676707
1727785616,52.043258166977644,58.30832514676707
1727785616,52.043258166977644,58.30832514676707
1727785616,52.043258166977644,58.30832514676707
1727785615,52.043258166977644,58.30832514676707
1727785615,52.043258166977644,58.30832514676707
1727785616,52.043258166977644,58.30832514676707
1727785616,52.043258166977644,58.30832514676707
1727785616,52.043258166977644,58.30832514676707
1727785616,52.043258166977644,58.30832514676707
1727785617,52.043258166977644,58.30832514676707
1727785617,52.043258166977644,58.30832514676707
1727785617,52.043258166977644,58.30832514676707
1727785617,52.043258166977644,58.30832514676707
1727785617,52.043258166977644,58.30832514676707
1727785618,52.043258166977644,58.30832514676707
1727785618,52.043258166977644,58.30832514676707
1727785618,52.043258166977644,58.30832514676707
1727785618,52.043258166977644,58.30832514676707
1727785618,52.043258166977644,58.30832514676707
1727785618,52.043258166977644,58.30832514676707
1727785619,52.043258166977644,58.30832514676707
1727785619,52.043258166977644,58.30832514676707
1727785617,52.043258166977644,58.30832514676707
1727785617,52.043258166977644,58.30832514676707
1727785617,52.043258166977644,58.30832514676707
1727785617,52.043258166977644,58.30832514676707
1727785617,52.043258166977644,58.30832514676707
1727785618,52.043258166977644,58.30832514676707
1727785618,52.043258166977644,58.30832514676707
1727785618,52.043258166977644,58.30832514676707
1727785618,52.043258166977644,58.30832514676707
1727785618,52.043258166977644,58.30832514676707
1727785619,52.043258166977644,58.30832514676707
1727785619,52.043258166977644,58.30832514676707
1727785619,52.043258166977644,58.30832514676707
1727785619,52.043258166977644,58.30832514676707
1727785619,52.043258166977644,58.30832514676707
1727785620,52.043258166977644,58.30832514676707
1727785620,52.043258166977644,58.30832514676707
1727785619,52.043258166977644,58.30832514676707
1727785619,52.043258166977644,58.30832514676707
1727785619,52.043258166977644,58.30832514676707
1727785620,52.043258166977644,58.30832514676707
1727785620,52.043258166977644,58.30832514676707
1727785620,52.043258166977644,58.30832514676707
1727785620,52.043258166977644,58.30832514676707
1727785620,52.043258166977644,58.30832514676707
1727785621,52.043258166977644,58.30832514676707
1727785621,52.043258166977644,58.30832514676707
1727785620,52.043258166977644,58.30832514676707
1727785620,52.043258166977644,58.30832514676707
1727785621,52.043258166977644,58.30832514676707
1727785621,52.043258166977644,58.30832514676707
1727785621,52.043258166977644,58.30832514676707
1727785621,52.043258166977644,58.30832514676707
1727785621,52.043258166977644,58.30832514676707
1727786203,52.043246496977645,58.30832681676707
1727785622,52.043258166977644,58.30832514676707
1727785622,52.043258166977644,58.30832514676707
1727785622,52.043258166977644,58.30832514676707
1727785622,52.043258166977644,58.30832514676707
1727785623,52.043258166977644,58.30832514676707
1727785623,52.043258166977644,58.30832514676707
1727785623,52.043258166977644,58.30832514676707
1727785623,52.043258166977644,58.30832514676707
1727785622,52.043258166977644,58.30832514676707
1727785622,52.043258166977644,58.30832514676707
1727785622,52.043258166977644,58.30832514676707
1727785623,52.043258166977644,58.30832514676707
1727785623,52.043258166977644,58.30832514676707
1727785623,52.043258166977644,58.30832514676707
1727785623,52.043258166977644,58.30832514676707
1727785621,52.043258166977644,58.30832514676707
1727785621,52.043258166977644,58.30832514676707
1727785621,52.043258166977644,58.30832514676707
1727785622,52.043258166977644,58.30832514676707
1727785622,52.043258166977644,58.30832514676707
1727785622,52.043258166977644,58.30832514676707
1727782850,52.043266496977644,58.30858514676707
1727782907,52.043246496977645,58.30856514676707
1727803693,52.047611496977645,58.29791181676707
1727785546,52.043258166977644,58.30832514676707
1727779044,52.04330649697764,58.30860348676707
1727779053,52.04326149697764,58.30858348676707
1727779044,52.04330649697764,58.30860348676707
1727779079,52.04327316697764,58.30856014676707
1727785546,52.043258166977644,58.30832514676707
1727785547,52.043258166977644,58.30832514676707
1727785547,52.043258166977644,58.30832514676707
1727785547,52.043258166977644,58.30832514676707
1727785547,52.043258166977644,58.30832514676707
1727785548,52.043258166977644,58.30832514676707
1727785548,52.043258166977644,58.30832514676707
1727785930,52.043258166977644,58.30832514676707
1727785548,52.043258166977644,58.30832514676707
1727785548,52.043258166977644,58.30832514676707
1727785548,52.043258166977644,58.30832514676707
1727785549,52.043258166977644,58.30832514676707
1727785549,52.043258166977644,58.30832514676707
1727785549,52.043258166977644,58.30832514676707
1727785549,52.043258166977644,58.30832514676707
1727785547,52.043258166977644,58.30832514676707
1727785547,52.043258166977644,58.30832514676707
1727785548,52.043258166977644,58.30832514676707
1727785548,52.043258166977644,58.30832514676707
1727785548,52.043258166977644,58.30832514676707
1727785548,52.043258166977644,58.30832514676707
1727785548,52.043258166977644,58.30832514676707
1727785549,52.043258166977644,58.30832514676707
1727785549,52.043258166977644,58.30832514676707
1727785549,52.043258166977644,58.30832514676707
1727785549,52.043258166977644,58.30832514676707
1727785549,52.043258166977644,58.30832514676707
1727785550,52.043258166977644,58.30832514676707
1727785549,52.043258166977644,58.30832514676707
1727785550,52.043258166977644,58.30832514676707
1727785550,52.043258166977644,58.30832514676707
1727785550,52.043258166977644,58.30832514676707
1727785550,52.043258166977644,58.30832514676707
1727785550,52.043258166977644,58.30832514676707
1727785550,52.043258166977644,58.30832514676707
1727785550,52.043258166977644,58.30832514676707
1727785550,52.043258166977644,58.30832514676707
1727785551,52.043258166977644,58.30832514676707
1727785551,52.043258166977644,58.30832514676707
1727785550,52.043258166977644,58.30832514676707
1727785551,52.043258166977644,58.30832514676707
1727785551,52.043258166977644,58.30832514676707
1727785551,52.043258166977644,58.30832514676707
1727785551,52.043258166977644,58.30832514676707
1727785551,52.043258166977644,58.30832514676707
1727785551,52.043258166977644,58.30832514676707
1727785552,52.043258166977644,58.30832514676707
1727785552,52.043258166977644,58.30832514676707
1727785552,52.043258166977644,58.30832514676707
1727785552,52.043258166977644,58.30832514676707
1727785551,52.043258166977644,58.30832514676707
1727785551,52.043258166977644,58.30832514676707
1727785552,52.043258166977644,58.30832514676707
1727785552,52.043258166977644,58.30832514676707
1727785552,52.043258166977644,58.30832514676707
1727785552,52.043258166977644,58.30832514676707
1727785552,52.043258166977644,58.30832514676707
1727785553,52.043258166977644,58.30832514676707
1727785553,52.043258166977644,58.30832514676707
1727785553,52.043258166977644,58.30832514676707
1727785552,52.043258166977644,58.30832514676707
1727785553,52.043258166977644,58.30832514676707
1727785553,52.043258166977644,58.30832514676707
1727785553,52.043258166977644,58.30832514676707
1727785553,52.043258166977644,58.30832514676707
1727785553,52.043258166977644,58.30832514676707
1727785554,52.043258166977644,58.30832514676707
1727785554,52.043258166977644,58.30832514676707
1727785553,52.043258166977644,58.30832514676707
1727785553,52.043258166977644,58.30832514676707
1727785554,52.043258166977644,58.30832514676707
1727785554,52.043258166977644,58.30832514676707
1727785554,52.043258166977644,58.30832514676707
1727785554,52.043258166977644,58.30832514676707
1727785554,52.043258166977644,58.30832514676707
1727785555,52.043258166977644,58.30832514676707
1727785554,52.043258166977644,58.30832514676707
1727785554,52.043258166977644,58.30832514676707
1727785554,52.043258166977644,58.30832514676707
1727785554,52.043258166977644,58.30832514676707
1727785555,52.043258166977644,58.30832514676707
1727785555,52.043258166977644,58.30832514676707
1727785555,52.043258166977644,58.30832514676707
1727785555,52.043258166977644,58.30832514676707
1727785555,52.043258166977644,58.30832514676707
1727785555,52.043258166977644,58.30832514676707
1727785555,52.043258166977644,58.30832514676707
1727785556,52.043258166977644,58.30832514676707
1727785555,52.043258166977644,58.30832514676707
1727785556,52.043258166977644,58.30832514676707
1727785556,52.043258166977644,58.30832514676707
1727785556,52.043258166977644,58.30832514676707
1727785556,52.043258166977644,58.30832514676707
1727785556,52.043258166977644,58.30832514676707
1727785556,52.043258166977644,58.30832514676707
1727785557,52.043258166977644,58.30832514676707
1727785556,52.043258166977644,58.30832514676707
1727785556,52.043258166977644,58.30832514676707
1727785556,52.043258166977644,58.30832514676707
1727785557,52.043258166977644,58.30832514676707
1727785557,52.043258166977644,58.30832514676707
1727785557,52.043258166977644,58.30832514676707
1727785557,52.043258166977644,58.30832514676707
1727785558,52.043258166977644,58.30832514676707
1727785558,52.043258166977644,58.30832514676707
1727785557,52.043258166977644,58.30832514676707
1727785557,52.043258166977644,58.30832514676707
1727785557,52.043258166977644,58.30832514676707
1727785557,52.043258166977644,58.30832514676707
1727785558,52.043258166977644,58.30832514676707
1727785558,52.043258166977644,58.30832514676707
1727785558,52.043258166977644,58.30832514676707
1727785558,52.043258166977644,58.30832514676707
1727785558,52.043258166977644,58.30832514676707
1727785559,52.043258166977644,58.30832514676707
1727785559,52.043258166977644,58.30832514676707
1727785558,52.043258166977644,58.30832514676707
1727785558,52.043258166977644,58.30832514676707
1727785558,52.043258166977644,58.30832514676707
1727785559,52.043258166977644,58.30832514676707
1727785559,52.043258166977644,58.30832514676707
1727785559,52.043258166977644,58.30832514676707
1727785559,52.043258166977644,58.30832514676707
1727785559,52.043258166977644,58.30832514676707
1727785559,52.043258166977644,58.30832514676707
1727785559,52.043258166977644,58.30832514676707
1727785559,52.043258166977644,58.30832514676707
1727785560,52.043258166977644,58.30832514676707
1727785560,52.043258166977644,58.30832514676707
1727785560,52.043258166977644,58.30832514676707
1727785560,52.043258166977644,58.30832514676707
1727785560,52.043258166977644,58.30832514676707
1727785560,52.043258166977644,58.30832514676707
1727785561,52.043258166977644,58.30832514676707
1727785560,52.043258166977644,58.30832514676707
1727785560,52.043258166977644,58.30832514676707
1727785560,52.043258166977644,58.30832514676707
1727785560,52.043258166977644,58.30832514676707
1727785561,52.043258166977644,58.30832514676707
1727785561,52.043258166977644,58.30832514676707
1727785561,52.043258166977644,58.30832514676707
1727785561,52.043258166977644,58.30832514676707
1727785561,52.043258166977644,58.30832514676707
1727785561,52.043258166977644,58.30832514676707
1727785561,52.043258166977644,58.30832514676707
1727785561,52.043258166977644,58.30832514676707
1727785561,52.043258166977644,58.30832514676707
1727785561,52.043258166977644,58.30832514676707
1727785562,52.043258166977644,58.30832514676707
1727785562,52.043258166977644,58.30832514676707
1727785562,52.043258166977644,58.30832514676707
1727776936,52.08445149697764,58.23786514676707
1727776936,52.08445149697764,58.23786514676707
1727776936,52.08445149697764,58.23786514676707
1727776936,52.08445149697764,58.23786514676707
1727776936,52.08445149697764,58.23786514676707
1727776935,52.08445149697764,58.23786514676707
1727776935,52.08445149697764,58.23786514676707
1727776935,52.08445149697764,58.23786514676707
1727776935,52.08445149697764,58.23786514676707
1727776935,52.08445149697764,58.23786514676707
1727776936,52.08445149697764,58.23786514676707
1727776936,52.08445149697764,58.23786514676707
1727776936,52.08445149697764,58.23786514676707
1727776937,52.08445149697764,58.23786514676707
1727776936,52.08445149697764,58.23786514676707
1727776936,52.08445149697764,58.23786514676707
1727776937,52.08445149697764,58.23786514676707
1727776937,52.08445149697764,58.23786514676707
1727776937,52.08445149697764,58.23786514676707
1727776937,52.08445149697764,58.23786514676707
1727776937,52.08445149697764,58.23786514676707
1727776937,52.08445149697764,58.23786514676707
1727776937,52.08445149697764,58.23786514676707
1727776937,52.08445149697764,58.23786514676707
1727776937,52.08445149697764,58.23786514676707
1727776938,52.08445149697764,58.23786514676707
1727776938,52.08445149697764,58.23786514676707
1727776938,52.08445149697764,58.23786514676707
1727776938,52.08445149697764,58.23786514676707
1727776938,52.08445149697764,58.23786514676707
1727776938,52.08445149697764,58.23786514676707
1727776938,52.08445149697764,58.23786514676707
1727776938,52.08445149697764,58.23786514676707
1727776938,52.08445149697764,58.23786514676707
1727776939,52.08445149697764,58.23786514676707
1727776938,52.08445149697764,58.23786514676707
1727776939,52.08445149697764,58.23786514676707
1727776939,52.08445149697764,58.23786514676707
1727776939,52.08445149697764,58.23786514676707
1727776939,52.08445149697764,58.23786514676707
1727776939,52.08445149697764,58.23786514676707
1727776939,52.08445149697764,58.23786514676707
1727776939,52.08445149697764,58.23786514676707
1727776939,52.08445149697764,58.23786514676707
1727776939,52.08445149697764,58.23786514676707
1727776940,52.08445149697764,58.23786514676707
1727776941,52.08445149697764,58.23786514676707
1727776941,52.08445149697764,58.23786514676707
1727776942,52.08445149697764,58.23786514676707
1727776942,52.08445149697764,58.23786514676707
1727776942,52.08445149697764,58.23786514676707
1727776942,52.08445149697764,58.23786514676707
1727776942,52.08445149697764,58.23786514676707
1727776943,52.08445149697764,58.23786514676707
1727776943,52.08445149697764,58.23786514676707
1727776942,52.08445149697764,58.23786514676707
1727776942,52.08445149697764,58.23786514676707
1727776943,52.08445149697764,58.23786514676707
1727776930,52.08444983697764,58.23786514676707
1727776930,52.08444983697764,58.23786514676707
1727776931,52.08444983697764,58.23786514676707
1727776931,52.08444983697764,58.23786514676707
1727776931,52.08444983697764,58.23786514676707
1727776931,52.08444983697764,58.23786514676707
1727776931,52.08444983697764,58.23786514676707
1727776931,52.08444983697764,58.23786514676707
1727776931,52.08444983697764,58.23786514676707
1727776931,52.08444983697764,58.23786514676707
1727776932,52.08445149697764,58.23786514676707
1727776932,52.08445149697764,58.23786514676707
1727776932,52.08445149697764,58.23786514676707
1727776933,52.08445149697764,58.23786514676707
1727776933,52.08445149697764,58.23786514676707
1727776932,52.08445149697764,58.23786514676707
1727776932,52.08445149697764,58.23786514676707
1727776933,52.08445149697764,58.23786514676707
1727776933,52.08445149697764,58.23786514676707
1727776934,52.08445149697764,58.23786514676707
1727776934,52.08445149697764,58.23786514676707
1727776934,52.08445149697764,58.23786514676707
1727776934,52.08445149697764,58.23786514676707
1727781747,52.043274836977645,58.30859181676707
1727803660,52.04761316697764,58.29792848676707
1727789323,52.043246496977645,58.30836181676707
1727794739,52.043308166977646,58.30799348676707
1727782808,52.043218166977645,58.30855014676707
1727782813,52.043218166977645,58.30855014676707
1727782814,52.043218166977645,58.30855014676707
1727776926,52.08445149697764,58.23786514676707
1727776926,52.08445149697764,58.23786514676707
1727776926,52.08445149697764,58.23786514676707
1727776926,52.08445149697764,58.23786514676707
1727776926,52.08445149697764,58.23786514676707
1727776926,52.08445149697764,58.23786514676707
1727776927,52.08445149697764,58.23786514676707
1727776927,52.08445149697764,58.23786514676707
1727776927,52.08445149697764,58.23786514676707
1727776927,52.08445149697764,58.23786514676707
1727776927,52.08445149697764,58.23786514676707
1727776923,52.08444983697764,58.23786514676707
1727776923,52.08444983697764,58.23786514676707
1727776923,52.08444983697764,58.23786514676707
1727776923,52.08444983697764,58.23786514676707
1727776923,52.08444983697764,58.23786514676707
1727797195,52.04316983697764,58.30791348676707
1727800742,52.04764649697764,58.29793348676707
1727795288,52.043308166977646,58.30799348676707
1727800290,52.04764649697764,58.29793348676707
1727788679,52.04326483697764,58.30834014676707
1727812447,52.047603166977645,58.29794014676707
1727784879,52.04326483697764,58.30859514676707
1727784917,52.04326483697764,58.30859514676707
1727785674,52.043258166977644,58.30832514676707
1727785674,52.043258166977644,58.30832514676707
1727785674,52.043258166977644,58.30832514676707
1727785675,52.043258166977644,58.30832514676707
1727785675,52.043258166977644,58.30832514676707
1727785675,52.043258166977644,58.30832514676707
1727785675,52.043258166977644,58.30832514676707
1727785675,52.043258166977644,58.30832514676707
1727785675,52.043258166977644,58.30832514676707
1727785675,52.043258166977644,58.30832514676707
1727785676,52.043258166977644,58.30832514676707
1727785676,52.043258166977644,58.30832514676707
1727785676,52.043258166977644,58.30832514676707
1727785676,52.043258166977644,58.30832514676707
1727785675,52.043258166977644,58.30832514676707
1727785675,52.043258166977644,58.30832514676707
1727785675,52.043258166977644,58.30832514676707
1727785675,52.043258166977644,58.30832514676707
1727785675,52.043258166977644,58.30832514676707
1727785676,52.043258166977644,58.30832514676707
1727785676,52.043258166977644,58.30832514676707
1727785676,52.043258166977644,58.30832514676707
1727785676,52.043258166977644,58.30832514676707
1727785676,52.043258166977644,58.30832514676707
1727785676,52.043258166977644,58.30832514676707
1727785676,52.043258166977644,58.30832514676707
1727785676,52.043258166977644,58.30832514676707
1727785676,52.043258166977644,58.30832514676707
1727785676,52.043258166977644,58.30832514676707
1727785677,52.043258166977644,58.30832514676707
1727785677,52.043258166977644,58.30832514676707
1727785677,52.043258166977644,58.30832514676707
1727785677,52.043258166977644,58.30832514676707
1727785676,52.043258166977644,58.30832514676707
1727785676,52.043258166977644,58.30832514676707
1727785676,52.043258166977644,58.30832514676707
1727785676,52.043258166977644,58.30832514676707
1727785677,52.043258166977644,58.30832514676707
1727785677,52.043258166977644,58.30832514676707
1727785677,52.043258166977644,58.30832514676707
1727785677,52.043258166977644,58.30832514676707
1727785677,52.043258166977644,58.30832514676707
1727785677,52.043258166977644,58.30832514676707
1727785677,52.043258166977644,58.30832514676707
1727785677,52.043258166977644,58.30832514676707
1727785677,52.043258166977644,58.30832514676707
1727785677,52.043258166977644,58.30832514676707
1727785678,52.043258166977644,58.30832514676707
1727785678,52.043258166977644,58.30832514676707
1727785677,52.043258166977644,58.30832514676707
1727785677,52.043258166977644,58.30832514676707
1727785677,52.043258166977644,58.30832514676707
1727785677,52.043258166977644,58.30832514676707
1727785677,52.043258166977644,58.30832514676707
1727785677,52.043258166977644,58.30832514676707
1727785678,52.043258166977644,58.30832514676707
1727785678,52.043258166977644,58.30832514676707
1727785678,52.043258166977644,58.30832514676707
1727785678,52.043258166977644,58.30832514676707
1727785678,52.043258166977644,58.30832514676707
1727785678,52.043258166977644,58.30832514676707
1727785678,52.043258166977644,58.30832514676707
1727785678,52.043258166977644,58.30832514676707
1727785678,52.043258166977644,58.30832514676707
1727785678,52.043258166977644,58.30832514676707
1727785678,52.043258166977644,58.30832514676707
1727785679,52.043258166977644,58.30832514676707
1727785679,52.043258166977644,58.30832514676707
1727785679,52.043258166977644,58.30832514676707
1727785679,52.043258166977644,58.30832514676707
1727785679,52.043258166977644,58.30832514676707
1727802922,52.04760149697764,58.29795514676707
1727787400,52.043246496977645,58.30832681676707
1727797925,52.04314316697764,58.30780848676707
1727797835,52.043148166977645,58.30783181676707
1727796379,52.04315149697764,58.30783514676707
1727761788,52.08460149697764,58.23781514676707
1727748587,52.08460483697764,58.23781681676707
1727749187,52.08460483697764,58.23781681676707
1727807047,52.047611496977645,58.29791181676707
1727795472,52.043308166977646,58.30799348676707
1727814247,52.047603166977645,58.29794014676707
1727800923,52.04764649697764,58.29793348676707
1727802468,52.04760149697764,58.29795514676707
1727785393,52.043299836977646,58.30859514676707
1727785393,52.043299836977646,58.30859514676707
1727785392,52.043299836977646,58.30859514676707
1727785392,52.043299836977646,58.30859514676707
1727785392,52.043299836977646,58.30859514676707
1727785392,52.043299836977646,58.30859514676707
1727785392,52.043299836977646,58.30859514676707
1727785392,52.043299836977646,58.30859514676707
1727785392,52.043299836977646,58.30859514676707
1727785393,52.043299836977646,58.30859514676707
1727785393,52.043299836977646,58.30859514676707
1727785393,52.043299836977646,58.30859514676707
1727785393,52.043299836977646,58.30859514676707
1727785393,52.043299836977646,58.30859514676707
1727785393,52.043299836977646,58.30859514676707
1727785393,52.043299836977646,58.30859514676707
1727785393,52.043299836977646,58.30859514676707
1727785394,52.043299836977646,58.30859514676707
1727785394,52.043299836977646,58.30859514676707
1727785394,52.043299836977646,58.30859514676707
1727785394,52.043299836977646,58.30859514676707
1727785394,52.043299836977646,58.30859514676707
1727785395,52.043299836977646,58.30859514676707
1727785394,52.043299836977646,58.30859514676707
1727785394,52.043299836977646,58.30859514676707
1727785394,52.043299836977646,58.30859514676707
1727785394,52.043299836977646,58.30859514676707
1727785394,52.043299836977646,58.30859514676707
1727785395,52.043299836977646,58.30859514676707
1727785395,52.043299836977646,58.30859514676707
1727785395,52.043299836977646,58.30859514676707
1727785395,52.043299836977646,58.30859514676707
1727785395,52.043299836977646,58.30859514676707
1727785395,52.043299836977646,58.30859514676707
1727785398,52.043299836977646,58.30859514676707
1727785408,52.043283166977645,58.30832181676707
1727785395,52.043299836977646,58.30859514676707
1727785395,52.043299836977646,58.30859514676707
1727785395,52.043299836977646,58.30859514676707
1727785395,52.043299836977646,58.30859514676707
1727785406,52.043283166977645,58.30841848676707
1727785408,52.043283166977645,58.30832181676707
1727785408,52.043283166977645,58.30832181676707
1727785409,52.043283166977645,58.30832181676707
1727785409,52.04326149697764,58.30832681676707
1727785409,52.04326149697764,58.30832681676707
1727785408,52.043283166977645,58.30832181676707
1727785409,52.043283166977645,58.30832181676707
1727785409,52.04326149697764,58.30832681676707
1727785409,52.04326149697764,58.30832681676707
1727785409,52.04326149697764,58.30832681676707
1727785409,52.04326149697764,58.30832681676707
1727785410,52.04326149697764,58.30832681676707
1727785410,52.04326149697764,58.30832681676707
1727785410,52.04326149697764,58.30832681676707
1727785410,52.04326149697764,58.30832681676707
1727785410,52.04326149697764,58.30832681676707
1727785411,52.04326149697764,58.30832681676707
1727785411,52.043258166977644,58.30832514676707
1727785411,52.043258166977644,58.30832514676707
1727785411,52.043258166977644,58.30832514676707
1727785410,52.04326149697764,58.30832681676707
1727785411,52.04326149697764,58.30832681676707
1727785411,52.043258166977644,58.30832514676707
1727740787,52.08459816697764,58.23781681676707
1727804647,52.047611496977645,58.29791181676707
1727780923,52.04332983697764,58.30858014676707
1727784156,52.04326983697764,58.30855848676707
1727764188,52.084596496977646,58.237813486767074
1727751587,52.08460483697764,58.23781681676707
1727799289,52.04306483697764,58.30897514676707
1727794466,52.043308166977646,58.30799348676707
1727777878,52.04773483697764,58.29782181676707
1727799563,52.04713649697764,58.30316514676707
1727785662,52.043258166977644,58.30832514676707
1727785662,52.043258166977644,58.30832514676707
1727785662,52.043258166977644,58.30832514676707
1727785662,52.043258166977644,58.30832514676707
1727785663,52.043258166977644,58.30832514676707
1727785663,52.043258166977644,58.30832514676707
1727785662,52.043258166977644,58.30832514676707
1727785663,52.043258166977644,58.30832514676707
1727785663,52.043258166977644,58.30832514676707
1727785663,52.043258166977644,58.30832514676707
1727785663,52.043258166977644,58.30832514676707
1727785663,52.043258166977644,58.30832514676707
1727785664,52.043258166977644,58.30832514676707
1727785663,52.043258166977644,58.30832514676707
1727785663,52.043258166977644,58.30832514676707
1727785663,52.043258166977644,58.30832514676707
1727785663,52.043258166977644,58.30832514676707
1727785664,52.043258166977644,58.30832514676707
1727785664,52.043258166977644,58.30832514676707
1727785664,52.043258166977644,58.30832514676707
1727785664,52.043258166977644,58.30832514676707
1727785664,52.043258166977644,58.30832514676707
1727785664,52.043258166977644,58.30832514676707
1727785664,52.043258166977644,58.30832514676707
1727785665,52.043258166977644,58.30832514676707
1727785664,52.043258166977644,58.30832514676707
1727785664,52.043258166977644,58.30832514676707
1727785664,52.043258166977644,58.30832514676707
1727785664,52.043258166977644,58.30832514676707
1727785664,52.043258166977644,58.30832514676707
1727785665,52.043258166977644,58.30832514676707
1727790329,52.043251496977646,58.30832348676707
1727780564,52.043308166977646,58.308545146767074
1727782263,52.043279836977646,58.30862514676707
1727780845,52.043198166977646,58.30859181676707
1727776904,52.08447983697764,58.23786514676707
1727776904,52.08447983697764,58.23786514676707
1727776904,52.08447983697764,58.23786514676707
1727776905,52.08447983697764,58.23786514676707
1727776905,52.08447983697764,58.23786514676707
1727776905,52.08447983697764,58.23786514676707
1727776905,52.08447983697764,58.23786514676707
1727776904,52.08447983697764,58.23786514676707
1727776904,52.08447983697764,58.23786514676707
1727776904,52.08447983697764,58.23786514676707
1727776905,52.08447983697764,58.23786514676707
1727776905,52.08447983697764,58.23786514676707
1727776905,52.08447983697764,58.23786514676707
1727776906,52.08447983697764,58.23786514676707
1727776906,52.08445983697764,58.23786348676707
1727776906,52.08445983697764,58.23786348676707
1727776906,52.08445983697764,58.23786348676707
1727776906,52.08445983697764,58.23786348676707
1727776906,52.08445983697764,58.23786348676707
1727776906,52.08445983697764,58.23786348676707
1727776907,52.08445983697764,58.23786348676707
1727776907,52.084456496977644,58.23786348676707
1727776907,52.084456496977644,58.23786348676707
1727776907,52.084456496977644,58.23786348676707
1727776907,52.084456496977644,58.23786348676707
1727776907,52.084456496977644,58.23786348676707
1727776907,52.084456496977644,58.23786348676707
1727776907,52.084456496977644,58.23786348676707
1727776908,52.084456496977644,58.23786348676707
1727776908,52.08445483697764,58.23786348676707
1727776908,52.08445483697764,58.23786348676707
1727776908,52.08445483697764,58.23786348676707
1727776908,52.08445483697764,58.23786348676707
1727776909,52.08445483697764,58.23786348676707
1727776908,52.084456496977644,58.23786348676707
1727776908,52.08445483697764,58.23786348676707
1727776908,52.08445483697764,58.23786348676707
1727776908,52.08445483697764,58.23786348676707
1727776908,52.08445483697764,58.23786348676707
1727776908,52.08445483697764,58.23786348676707
1727776909,52.08445483697764,58.23786348676707
1727780595,52.04332983697764,58.30855014676707
1727780309,52.04324483697764,58.30856014676707
1727794375,52.043308166977646,58.30799348676707
1727803636,52.04760149697764,58.29795514676707
1727779132,52.04325983697764,58.30853514676707
1727784576,52.043221496977644,58.30849348676707
1727784582,52.043221496977644,58.30849348676707
1727797560,52.04312483697764,58.30789348676707
1727805247,52.047611496977645,58.29791181676707
1727781084,52.04324149697764,58.30856348676707
1727803012,52.04760149697764,58.29795514676707
1727767788,52.08458983697764,58.23780681676707
1727789689,52.043218166977645,58.30833181676707
1727778105,52.047706496977646,58.29778848676707
1727801559,52.04764649697764,58.29793348676707
1727798017,52.04315149697764,58.30779014676707
1727779969,52.04323316697764,58.30859348676707
1727779969,52.04323316697764,58.30859348676707
1727779969,52.04323316697764,58.30859348676707
1727779969,52.04323316697764,58.30859348676707
1727779970,52.04323316697764,58.30859348676707
1727779969,52.04323316697764,58.30859348676707
1727779969,52.04323316697764,58.30859348676707
1727779970,52.04323316697764,58.30859348676707
1727779970,52.04323316697764,58.30859348676707
1727779970,52.04323316697764,58.30859348676707
1727779970,52.04323316697764,58.30859348676707
1727779970,52.04323316697764,58.30859348676707
1727779970,52.04323316697764,58.30859348676707
1727779971,52.04323316697764,58.30859348676707
1727779971,52.043213166977644,58.30859181676707
1727779971,52.043213166977644,58.30859181676707
1727779970,52.04323316697764,58.30859348676707
1727779970,52.04323316697764,58.30859348676707
1727779970,52.04323316697764,58.30859348676707
1727779970,52.04323316697764,58.30859348676707
1727779971,52.043213166977644,58.30859181676707
1727779971,52.043213166977644,58.30859181676707
1727779971,52.043213166977644,58.30859181676707
1727779971,52.043213166977644,58.30859181676707
1727779972,52.043213166977644,58.30859181676707
1727779972,52.043213166977644,58.30860514676707
1727779972,52.043213166977644,58.30860514676707
1727779972,52.043213166977644,58.30860514676707
1727779972,52.043213166977644,58.30860514676707
1727779972,52.043213166977644,58.30860514676707
1727779973,52.043213166977644,58.30860514676707
1727779973,52.04319983697764,58.30859681676707
1727779973,52.04319983697764,58.30859681676707
1727779971,52.043213166977644,58.30859181676707
1727779971,52.043213166977644,58.30859181676707
1727779972,52.043213166977644,58.30860514676707
1727779972,52.043213166977644,58.30860514676707
1727779972,52.043213166977644,58.30860514676707
1727779972,52.043213166977644,58.30860514676707
1727779973,52.043213166977644,58.30860514676707
1727779973,52.04319983697764,58.30859681676707
1727779973,52.04319983697764,58.30859681676707
1727779973,52.04319983697764,58.30859681676707
1727779974,52.04319983697764,58.30859681676707
1727779974,52.043209836977645,58.30860181676707
1727779974,52.043209836977645,58.30860181676707
1727779973,52.04319983697764,58.30859681676707
1727779973,52.04319983697764,58.30859681676707
1727779974,52.04319983697764,58.30859681676707
1727779974,52.043209836977645,58.30860181676707
1727779974,52.043209836977645,58.30860181676707
1727779974,52.043209836977645,58.30860181676707
1727779975,52.043209836977645,58.30860181676707
1727779975,52.043221496977644,58.30861681676707
1727779974,52.043209836977645,58.30860181676707
1727779974,52.043209836977645,58.30860181676707
1727779974,52.043209836977645,58.30860181676707
1727779975,52.043221496977644,58.30861681676707
1727779975,52.043221496977644,58.30861681676707
1727779975,52.043221496977644,58.30861681676707
1727779975,52.043221496977644,58.30861681676707
1727779975,52.043221496977644,58.30861681676707
1727779975,52.043221496977644,58.30861681676707
1727779975,52.043221496977644,58.30861681676707
1727779976,52.043221496977644,58.30861681676707
1727779976,52.04322483697764,58.30862181676707
1727779976,52.04322483697764,58.30862181676707
1727779976,52.04322483697764,58.30862181676707
1727779976,52.04322483697764,58.30862181676707
1727779975,52.043221496977644,58.30861681676707
1727779975,52.043221496977644,58.30861681676707
1727779975,52.043221496977644,58.30861681676707
1727779976,52.04322483697764,58.30862181676707
1727779976,52.04322483697764,58.30862181676707
1727779976,52.04322483697764,58.30862181676707
1727779976,52.04322483697764,58.30862181676707
1727779977,52.04322483697764,58.30862181676707
1727779977,52.043229836977645,58.30861681676707
1727779977,52.043229836977645,58.30861681676707
1727789871,52.04321983697764,58.30832848676707
1727779977,52.04322483697764,58.30862181676707
1727779977,52.043229836977645,58.30861681676707
1727779977,52.043229836977645,58.30861681676707
1727779977,52.043229836977645,58.30861681676707
1727779977,52.043229836977645,58.30861681676707
1727779977,52.043229836977645,58.30861681676707
1727779978,52.04323316697764,58.30861181676707
1727779977,52.043229836977645,58.30861681676707
1727779977,52.043229836977645,58.30861681676707
1727779978,52.043229836977645,58.30861681676707
1727779978,52.04323316697764,58.30861181676707
1727779978,52.04323316697764,58.30861181676707
1727779979,52.04323316697764,58.30861181676707
1727779979,52.043221496977644,58.30862014676707
1727779978,52.04323316697764,58.30861181676707
1727779978,52.04323316697764,58.30861181676707
1727779979,52.043221496977644,58.30862014676707
1727778894,52.04778483697764,58.29786348676707
1727778895,52.04778483697764,58.29786348676707
1727778895,52.04778483697764,58.29786348676707
1727778895,52.04778483697764,58.29786348676707
1727778895,52.04778483697764,58.29786348676707
1727778895,52.04778483697764,58.29786348676707
1727778896,52.04778483697764,58.29786348676707
1727778896,52.04778483697764,58.29786348676707
1727778896,52.04778483697764,58.29786348676707
1727778896,52.04778483697764,58.29786348676707
1727778896,52.04778483697764,58.29786348676707
1727778896,52.04778483697764,58.29786348676707
1727778897,52.04778483697764,58.29786348676707
1727778895,52.04778483697764,58.29786348676707
1727778895,52.04778483697764,58.29786348676707
1727778896,52.04778483697764,58.29786348676707
1727778896,52.04778483697764,58.29786348676707
1727778896,52.04778483697764,58.29786348676707
1727778911,52.04771983697764,58.298360146767074
1727778932,52.04729983697764,58.30163181676707
1727778909,52.04772483697764,58.29818014676707
1727778930,52.04729816697764,58.30127181676707
1727781236,52.04324149697764,58.30865348676707
1727781261,52.04324149697764,58.30865348676707
1727795106,52.043308166977646,58.30799348676707
1727790147,52.043251496977646,58.30833514676707
1727776928,52.08445149697764,58.23786514676707
1727776928,52.08445149697764,58.23786514676707
1727776927,52.08445149697764,58.23786514676707
1727776928,52.08445149697764,58.23786514676707
1727776929,52.08445149697764,58.23786514676707
1727776929,52.08445149697764,58.23786514676707
1727744986,52.08459316697764,58.23781848676707
1727789963,52.04322483697764,58.30833514676707
1727788312,52.04325316697764,58.30829681676707
1727781832,52.04329316697764,58.30858681676707
1727802377,52.04760149697764,58.29795514676707
1727778991,52.044664836977645,58.31019014676707
1727743186,52.08459316697764,58.23781514676707
1727801377,52.04764649697764,58.29793348676707
1727783969,52.04327649697764,58.30854848676707
1727784009,52.04327316697764,58.30856014676707
1727791637,52.04326983697764,58.30824181676707
1727797652,52.04310649697764,58.30784014676707
1727779000,52.044076496977645,58.31050514676707
1727785491,52.043258166977644,58.30832514676707
1727792001,52.043271496977646,58.30823514676707
1727785491,52.043258166977644,58.30832514676707
1727785491,52.043258166977644,58.30832514676707
1727785491,52.043258166977644,58.30832514676707
1727785746,52.043258166977644,58.30832514676707
1727785492,52.043258166977644,58.30832514676707
1727785492,52.043258166977644,58.30832514676707
1727785492,52.043258166977644,58.30832514676707
1727785493,52.043258166977644,58.30832514676707
1727785493,52.043258166977644,58.30832514676707
1727785492,52.043258166977644,58.30832514676707
1727785492,52.043258166977644,58.30832514676707
1727785493,52.043258166977644,58.30832514676707
1727785493,52.043258166977644,58.30832514676707
1727785493,52.043258166977644,58.30832514676707
1727785494,52.043258166977644,58.30832514676707
1727785494,52.043258166977644,58.30832514676707
1727785493,52.043258166977644,58.30832514676707
1727785493,52.043258166977644,58.30832514676707
1727785493,52.043258166977644,58.30832514676707
1727785494,52.043258166977644,58.30832514676707
1727785495,52.043258166977644,58.30832514676707
1727785495,52.043258166977644,58.30832514676707
1727785495,52.043258166977644,58.30832514676707
1727785494,52.043258166977644,58.30832514676707
1727785494,52.043258166977644,58.30832514676707
1727785494,52.043258166977644,58.30832514676707
1727785494,52.043258166977644,58.30832514676707
1727785494,52.043258166977644,58.30832514676707
1727785495,52.043258166977644,58.30832514676707
1727785495,52.043258166977644,58.30832514676707
1727785495,52.043258166977644,58.30832514676707
1727785495,52.043258166977644,58.30832514676707
1727785496,52.043258166977644,58.30832514676707
1727785496,52.043258166977644,58.30832514676707
1727785496,52.043258166977644,58.30832514676707
1727785496,52.043258166977644,58.30832514676707
1727785496,52.043258166977644,58.30832514676707
1727785496,52.043258166977644,58.30832514676707
1727785496,52.043258166977644,58.30832514676707
1727785497,52.043258166977644,58.30832514676707
1727785497,52.043258166977644,58.30832514676707
1727785497,52.043258166977644,58.30832514676707
1727785497,52.043258166977644,58.30832514676707
1727785497,52.043258166977644,58.30832514676707
1727785495,52.043258166977644,58.30832514676707
1727785495,52.043258166977644,58.30832514676707
1727785495,52.043258166977644,58.30832514676707
1727785496,52.043258166977644,58.30832514676707
1727785496,52.043258166977644,58.30832514676707
1727785496,52.043258166977644,58.30832514676707
1727785496,52.043258166977644,58.30832514676707
1727785497,52.043258166977644,58.30832514676707
1727785497,52.043258166977644,58.30832514676707
1727785497,52.043258166977644,58.30832514676707
1727785497,52.043258166977644,58.30832514676707
1727785497,52.043258166977644,58.30832514676707
1727785497,52.043258166977644,58.30832514676707
1727785498,52.043258166977644,58.30832514676707
1727785498,52.043258166977644,58.30832514676707
1727785498,52.043258166977644,58.30832514676707
1727785498,52.043258166977644,58.30832514676707
1727785498,52.043258166977644,58.30832514676707
1727785498,52.043258166977644,58.30832514676707
1727785498,52.043258166977644,58.30832514676707
1727785498,52.043258166977644,58.30832514676707
1727785499,52.043258166977644,58.30832514676707
1727785499,52.043258166977644,58.30832514676707
1727785499,52.043258166977644,58.30832514676707
1727785499,52.043258166977644,58.30832514676707
1727785499,52.043258166977644,58.30832514676707
1727785499,52.043258166977644,58.30832514676707
1727785499,52.043258166977644,58.30832514676707
1727785498,52.043258166977644,58.30832514676707
1727785498,52.043258166977644,58.30832514676707
1727785499,52.043258166977644,58.30832514676707
1727785499,52.043258166977644,58.30832514676707
1727785499,52.043258166977644,58.30832514676707
1727785500,52.043258166977644,58.30832514676707
1727785500,52.043258166977644,58.30832514676707
1727785500,52.043258166977644,58.30832514676707
1727785500,52.043258166977644,58.30832514676707
1727785500,52.043258166977644,58.30832514676707
1727785500,52.043258166977644,58.30832514676707
1727785500,52.043258166977644,58.30832514676707
1727785500,52.043258166977644,58.30832514676707
1727785500,52.043258166977644,58.30832514676707
1727785501,52.043258166977644,58.30832514676707
1727785501,52.043258166977644,58.30832514676707
1727785501,52.043258166977644,58.30832514676707
1727785501,52.043258166977644,58.30832514676707
1727785500,52.043258166977644,58.30832514676707
1727785501,52.043258166977644,58.30832514676707
1727785501,52.043258166977644,58.30832514676707
1727785501,52.043258166977644,58.30832514676707
1727785501,52.043258166977644,58.30832514676707
1727785501,52.043258166977644,58.30832514676707
1727785502,52.043258166977644,58.30832514676707
1727785502,52.043258166977644,58.30832514676707
1727785502,52.043258166977644,58.30832514676707
1727785502,52.043258166977644,58.30832514676707
1727785502,52.043258166977644,58.30832514676707
1727785502,52.043258166977644,58.30832514676707
1727785502,52.043258166977644,58.30832514676707
1727785502,52.043258166977644,58.30832514676707
1727785502,52.043258166977644,58.30832514676707
1727785502,52.043258166977644,58.30832514676707
1727785502,52.043258166977644,58.30832514676707
1727785503,52.043258166977644,58.30832514676707
1727785503,52.043258166977644,58.30832514676707
1727798561,52.04312983697764,58.30804514676707
1727761187,52.08460149697764,58.23781514676707
1727796469,52.043176496977644,58.307985146767074
1727743786,52.08459316697764,58.23781514676707
1727782593,52.04322483697764,58.30860181676707
1727780974,52.04332983697764,58.30857514676707
1727788955,52.043246496977645,58.30836181676707
1727789045,52.043246496977645,58.30836181676707
1727787582,52.043246496977645,58.30832681676707
1727800471,52.04764649697764,58.29793348676707
1727803198,52.04760149697764,58.29795514676707
1727775589,52.084583166977644,58.23780848676707
1727776924,52.08445149697764,58.23786514676707
1727776924,52.08445149697764,58.23786514676707
1727776924,52.08445149697764,58.23786514676707
1727776924,52.08445149697764,58.23786514676707
1727776925,52.08445149697764,58.23786514676707
1727776925,52.08445149697764,58.23786514676707
1727776925,52.08445149697764,58.23786514676707
1727776925,52.08445149697764,58.23786514676707
1727776926,52.08445149697764,58.23786514676707
1727776926,52.08445149697764,58.23786514676707
1727777159,52.079511496977645,58.24333348676707
1727776925,52.08445149697764,58.23786514676707
1727776926,52.08445149697764,58.23786514676707
1727784477,52.04323649697764,58.30850181676707
1727786845,52.043246496977645,58.30832681676707
1727784443,52.04323649697764,58.30850181676707
1727798470,52.043131496977644,58.30779848676707
1727795743,52.043164836977645,58.30789181676707
1727795379,52.043308166977646,58.30799348676707
1727784479,52.04323649697764,58.30850181676707
1727785569,52.043258166977644,58.30832514676707
1727803291,52.04760149697764,58.29795514676707
1727785570,52.043258166977644,58.30832514676707
1727785570,52.043258166977644,58.30832514676707
1727785570,52.043258166977644,58.30832514676707
1727785570,52.043258166977644,58.30832514676707
1727785570,52.043258166977644,58.30832514676707
1727785571,52.043258166977644,58.30832514676707
1727785571,52.043258166977644,58.30832514676707
1727785571,52.043258166977644,58.30832514676707
1727785571,52.043258166977644,58.30832514676707
1727785571,52.043258166977644,58.30832514676707
1727785571,52.043258166977644,58.30832514676707
1727785571,52.043258166977644,58.30832514676707
1727785572,52.043258166977644,58.30832514676707
1727785572,52.043258166977644,58.30832514676707
1727785572,52.043258166977644,58.30832514676707
1727785571,52.043258166977644,58.30832514676707
1727785572,52.043258166977644,58.30832514676707
1727785572,52.043258166977644,58.30832514676707
1727785572,52.043258166977644,58.30832514676707
1727785572,52.043258166977644,58.30832514676707
1727785572,52.043258166977644,58.30832514676707
1727785573,52.043258166977644,58.30832514676707
1727785573,52.043258166977644,58.30832514676707
1727785573,52.043258166977644,58.30832514676707
1727785573,52.043258166977644,58.30832514676707
1727785572,52.043258166977644,58.30832514676707
1727785572,52.043258166977644,58.30832514676707
1727785573,52.043258166977644,58.30832514676707
1727785573,52.043258166977644,58.30832514676707
1727785573,52.043258166977644,58.30832514676707
1727785573,52.043258166977644,58.30832514676707
1727785573,52.043258166977644,58.30832514676707
1727785574,52.043258166977644,58.30832514676707
1727785574,52.043258166977644,58.30832514676707
1727785574,52.043258166977644,58.30832514676707
1727785574,52.043258166977644,58.30832514676707
1727785573,52.043258166977644,58.30832514676707
1727785573,52.043258166977644,58.30832514676707
1727785574,52.043258166977644,58.30832514676707
1727785574,52.043258166977644,58.30832514676707
1727785574,52.043258166977644,58.30832514676707
1727785574,52.043258166977644,58.30832514676707
1727785574,52.043258166977644,58.30832514676707
1727785574,52.043258166977644,58.30832514676707
1727785575,52.043258166977644,58.30832514676707
1727785575,52.043258166977644,58.30832514676707
1727785575,52.043258166977644,58.30832514676707
1727785575,52.043258166977644,58.30832514676707
1727785575,52.043258166977644,58.30832514676707
1727785575,52.043258166977644,58.30832514676707
1727785575,52.043258166977644,58.30832514676707
1727785575,52.043258166977644,58.30832514676707
1727785576,52.043258166977644,58.30832514676707
1727785576,52.043258166977644,58.30832514676707
1727785576,52.043258166977644,58.30832514676707
1727785576,52.043258166977644,58.30832514676707
1727785576,52.043258166977644,58.30832514676707
1727785577,52.043258166977644,58.30832514676707
1727785577,52.043258166977644,58.30832514676707
1727785577,52.043258166977644,58.30832514676707
1727785578,52.043258166977644,58.30832514676707
1727785575,52.043258166977644,58.30832514676707
1727785576,52.043258166977644,58.30832514676707
1727785576,52.043258166977644,58.30832514676707
1727785576,52.043258166977644,58.30832514676707
1727785576,52.043258166977644,58.30832514676707
1727785576,52.043258166977644,58.30832514676707
1727785577,52.043258166977644,58.30832514676707
1727785577,52.043258166977644,58.30832514676707
1727785577,52.043258166977644,58.30832514676707
1727785578,52.043258166977644,58.30832514676707
1727785580,52.043258166977644,58.30832514676707
1727785580,52.043258166977644,58.30832514676707
1727785580,52.043258166977644,58.30832514676707
1727785581,52.043258166977644,58.30832514676707
1727785578,52.043258166977644,58.30832514676707
1727785578,52.043258166977644,58.30832514676707
1727785578,52.043258166977644,58.30832514676707
1727785579,52.043258166977644,58.30832514676707
1727785579,52.043258166977644,58.30832514676707
1727785578,52.043258166977644,58.30832514676707
1727785579,52.043258166977644,58.30832514676707
1727785579,52.043258166977644,58.30832514676707
1727785579,52.043258166977644,58.30832514676707
1727785580,52.043258166977644,58.30832514676707
1727785580,52.043258166977644,58.30832514676707
1727785581,52.043258166977644,58.30832514676707
1727785581,52.043258166977644,58.30832514676707
1727785581,52.043258166977644,58.30832514676707
1727785581,52.043258166977644,58.30832514676707
1727785582,52.043258166977644,58.30832514676707
1727785582,52.043258166977644,58.30832514676707
1727785582,52.043258166977644,58.30832514676707
1727785584,52.043258166977644,58.30832514676707
1727785584,52.043258166977644,58.30832514676707
1727785582,52.043258166977644,58.30832514676707
1727785584,52.043258166977644,58.30832514676707
1727785584,52.043258166977644,58.30832514676707
1727785585,52.043258166977644,58.30832514676707
1727785585,52.043258166977644,58.30832514676707
1727785586,52.043258166977644,58.30832514676707
1727785586,52.043258166977644,58.30832514676707
1727785586,52.043258166977644,58.30832514676707
1727785584,52.043258166977644,58.30832514676707
1727785585,52.043258166977644,58.30832514676707
1727785586,52.043258166977644,58.30832514676707
1727785586,52.043258166977644,58.30832514676707
1727785586,52.043258166977644,58.30832514676707
1727785586,52.043258166977644,58.30832514676707
1727785586,52.043258166977644,58.30832514676707
1727785587,52.043258166977644,58.30832514676707
1727785587,52.043258166977644,58.30832514676707
1727785587,52.043258166977644,58.30832514676707
1727785586,52.043258166977644,58.30832514676707
1727785586,52.043258166977644,58.30832514676707
1727785587,52.043258166977644,58.30832514676707
1727785587,52.043258166977644,58.30832514676707
1727785587,52.043258166977644,58.30832514676707
1727785587,52.043258166977644,58.30832514676707
1727785587,52.043258166977644,58.30832514676707
1727785587,52.043258166977644,58.30832514676707
1727785588,52.043258166977644,58.30832514676707
1727785588,52.043258166977644,58.30832514676707
1727785588,52.043258166977644,58.30832514676707
1727785588,52.043258166977644,58.30832514676707
1727785588,52.043258166977644,58.30832514676707
1727785588,52.043258166977644,58.30832514676707
1727785588,52.043258166977644,58.30832514676707
1727785588,52.043258166977644,58.30832514676707
1727785589,52.043258166977644,58.30832514676707
1727785589,52.043258166977644,58.30832514676707
1727785589,52.043258166977644,58.30832514676707
1727785588,52.043258166977644,58.30832514676707
1727785589,52.043258166977644,58.30832514676707
1727785589,52.043258166977644,58.30832514676707
1727785589,52.043258166977644,58.30832514676707
1727785589,52.043258166977644,58.30832514676707
1727785589,52.043258166977644,58.30832514676707
1727785590,52.043258166977644,58.30832514676707
1727785590,52.043258166977644,58.30832514676707
1727785589,52.043258166977644,58.30832514676707
1727785590,52.043258166977644,58.30832514676707
1727785590,52.043258166977644,58.30832514676707
1727785590,52.043258166977644,58.30832514676707
1727785590,52.043258166977644,58.30832514676707
1727785591,52.043258166977644,58.30832514676707
1727785591,52.043258166977644,58.30832514676707
1727785591,52.043258166977644,58.30832514676707
1727785591,52.043258166977644,58.30832514676707
1727785590,52.043258166977644,58.30832514676707
1727785590,52.043258166977644,58.30832514676707
1727785591,52.043258166977644,58.30832514676707
1727785591,52.043258166977644,58.30832514676707
1727785591,52.043258166977644,58.30832514676707
1727785591,52.043258166977644,58.30832514676707
1727785591,52.043258166977644,58.30832514676707
1727785592,52.043258166977644,58.30832514676707
1727785592,52.043258166977644,58.30832514676707
1727785592,52.043258166977644,58.30832514676707
1727785592,52.043258166977644,58.30832514676707
1727785591,52.043258166977644,58.30832514676707
1727785591,52.043258166977644,58.30832514676707
1727785592,52.043258166977644,58.30832514676707
1727785592,52.043258166977644,58.30832514676707
1727785592,52.043258166977644,58.30832514676707
1727785592,52.043258166977644,58.30832514676707
1727785592,52.043258166977644,58.30832514676707
1727785593,52.043258166977644,58.30832514676707
1727785593,52.043258166977644,58.30832514676707
1727785593,52.043258166977644,58.30832514676707
1727785593,52.043258166977644,58.30832514676707
1727740186,52.08459816697764,58.23781681676707
1727779432,52.04325316697764,58.30857848676707
1727782021,52.043299836977646,58.308671816767074
1727808247,52.047611496977645,58.29792181676707
1727765988,52.084596496977646,58.237813486767074
1727785421,52.043258166977644,58.30832514676707
1727785421,52.043258166977644,58.30832514676707
1727785421,52.043258166977644,58.30832514676707
1727785421,52.043258166977644,58.30832514676707
1727785422,52.043258166977644,58.30832514676707
1727785422,52.043258166977644,58.30832514676707
1727785420,52.043258166977644,58.30832514676707
1727785421,52.043258166977644,58.30832514676707
1727785421,52.043258166977644,58.30832514676707
1727785421,52.043258166977644,58.30832514676707
1727785421,52.043258166977644,58.30832514676707
1727785421,52.043258166977644,58.30832514676707
1727785422,52.043258166977644,58.30832514676707
1727785422,52.043258166977644,58.30832514676707
1727785422,52.043258166977644,58.30832514676707
1727785422,52.043258166977644,58.30832514676707
1727785423,52.043258166977644,58.30832514676707
1727785423,52.043258166977644,58.30832514676707
1727785423,52.043258166977644,58.30832514676707
1727785422,52.043258166977644,58.30832514676707
1727785422,52.043258166977644,58.30832514676707
1727785422,52.043258166977644,58.30832514676707
1727785422,52.043258166977644,58.30832514676707
1727785423,52.043258166977644,58.30832514676707
1727785423,52.043258166977644,58.30832514676707
1727785424,52.043258166977644,58.30832514676707
1727785424,52.043258166977644,58.30832514676707
1727785424,52.043258166977644,58.30832514676707
1727785425,52.043258166977644,58.30832514676707
1727785423,52.043258166977644,58.30832514676707
1727785423,52.043258166977644,58.30832514676707
1727785424,52.043258166977644,58.30832514676707
1727785424,52.043258166977644,58.30832514676707
1727785423,52.043258166977644,58.30832514676707
1727785423,52.043258166977644,58.30832514676707
1727785423,52.043258166977644,58.30832514676707
1727785424,52.043258166977644,58.30832514676707
1727785424,52.043258166977644,58.30832514676707
1727785424,52.043258166977644,58.30832514676707
1727785424,52.043258166977644,58.30832514676707
1727785425,52.043258166977644,58.30832514676707
1727785425,52.043258166977644,58.30832514676707
1727785425,52.043258166977644,58.30832514676707
1727785425,52.043258166977644,58.30832514676707
1727785425,52.043258166977644,58.30832514676707
1727785425,52.043258166977644,58.30832514676707
1727785425,52.043258166977644,58.30832514676707
1727785426,52.043258166977644,58.30832514676707
1727785425,52.043258166977644,58.30832514676707
1727785425,52.043258166977644,58.30832514676707
1727785425,52.043258166977644,58.30832514676707
1727785426,52.043258166977644,58.30832514676707
1727785426,52.043258166977644,58.30832514676707
1727785426,52.043258166977644,58.30832514676707
1727785426,52.043258166977644,58.30832514676707
1727785426,52.043258166977644,58.30832514676707
1727785426,52.043258166977644,58.30832514676707
1727785427,52.043258166977644,58.30832514676707
1727785426,52.043258166977644,58.30832514676707
1727785426,52.043258166977644,58.30832514676707
1727785426,52.043258166977644,58.30832514676707
1727785427,52.043258166977644,58.30832514676707
1727785427,52.043258166977644,58.30832514676707
1727785427,52.043258166977644,58.30832514676707
1727785427,52.043258166977644,58.30832514676707
1727785427,52.043258166977644,58.30832514676707
1727785427,52.043258166977644,58.30832514676707
1727785427,52.043258166977644,58.30832514676707
1727785428,52.043258166977644,58.30832514676707
1727785428,52.043258166977644,58.30832514676707
1727785428,52.043258166977644,58.30832514676707
1727785428,52.043258166977644,58.30832514676707
1727785427,52.043258166977644,58.30832514676707
1727785427,52.043258166977644,58.30832514676707
1727785428,52.043258166977644,58.30832514676707
1727785428,52.043258166977644,58.30832514676707
1727785428,52.043258166977644,58.30832514676707
1727785428,52.043258166977644,58.30832514676707
1727785428,52.043258166977644,58.30832514676707
1727785428,52.043258166977644,58.30832514676707
1727785429,52.043258166977644,58.30832514676707
1727785429,52.043258166977644,58.30832514676707
1727785428,52.043258166977644,58.30832514676707
1727785428,52.043258166977644,58.30832514676707
1727785429,52.043258166977644,58.30832514676707
1727785429,52.043258166977644,58.30832514676707
1727785429,52.043258166977644,58.30832514676707
1727785429,52.043258166977644,58.30832514676707
1727785429,52.043258166977644,58.30832514676707
1727785429,52.043258166977644,58.30832514676707
1727785429,52.043258166977644,58.30832514676707
1727785430,52.043258166977644,58.30832514676707
1727785429,52.043258166977644,58.30832514676707
1727785430,52.043258166977644,58.30832514676707
1727785430,52.043258166977644,58.30832514676707
1727785430,52.043258166977644,58.30832514676707
1727785430,52.043258166977644,58.30832514676707
1727785430,52.043258166977644,58.30832514676707
1727785431,52.043258166977644,58.30832514676707
1727785430,52.043258166977644,58.30832514676707
1727785430,52.043258166977644,58.30832514676707
1727785430,52.043258166977644,58.30832514676707
1727785430,52.043258166977644,58.30832514676707
1727785431,52.043258166977644,58.30832514676707
1727785431,52.043258166977644,58.30832514676707
1727785431,52.043258166977644,58.30832514676707
1727785431,52.043258166977644,58.30832514676707
1727785431,52.043258166977644,58.30832514676707
1727785431,52.043258166977644,58.30832514676707
1727785431,52.043258166977644,58.30832514676707
1727785431,52.043258166977644,58.30832514676707
1727785436,52.043258166977644,58.30832514676707
1727785436,52.043258166977644,58.30832514676707
1727785436,52.043258166977644,58.30832514676707
1727785436,52.043258166977644,58.30832514676707
1727785437,52.043258166977644,58.30832514676707
1727785437,52.043258166977644,58.30832514676707
1727785436,52.043258166977644,58.30832514676707
1727785436,52.043258166977644,58.30832514676707
1727785436,52.043258166977644,58.30832514676707
1727785437,52.043258166977644,58.30832514676707
1727785437,52.043258166977644,58.30832514676707
1727785437,52.043258166977644,58.30832514676707
1727785437,52.043258166977644,58.30832514676707
1727785437,52.043258166977644,58.30832514676707
1727785438,52.043258166977644,58.30832514676707
1727785438,52.043258166977644,58.30832514676707
1727785438,52.043258166977644,58.30832514676707
1727785438,52.043258166977644,58.30832514676707
1727785438,52.043258166977644,58.30832514676707
1727785439,52.043258166977644,58.30832514676707
1727785439,52.043258166977644,58.30832514676707
1727785439,52.043258166977644,58.30832514676707
1727785437,52.043258166977644,58.30832514676707
1727785437,52.043258166977644,58.30832514676707
1727785438,52.043258166977644,58.30832514676707
1727785438,52.043258166977644,58.30832514676707
1727785438,52.043258166977644,58.30832514676707
1727785438,52.043258166977644,58.30832514676707
1727785439,52.043258166977644,58.30832514676707
1727785438,52.043258166977644,58.30832514676707
1727785439,52.043258166977644,58.30832514676707
1727785439,52.043258166977644,58.30832514676707
1727785439,52.043258166977644,58.30832514676707
1727785439,52.043258166977644,58.30832514676707
1727785439,52.043258166977644,58.30832514676707
1727785439,52.043258166977644,58.30832514676707
1727785440,52.043258166977644,58.30832514676707
1727785440,52.043258166977644,58.30832514676707
1727785440,52.043258166977644,58.30832514676707
1727785440,52.043258166977644,58.30832514676707
1727785440,52.043258166977644,58.30832514676707
1727785441,52.043258166977644,58.30832514676707
1727785440,52.043258166977644,58.30832514676707
1727785440,52.043258166977644,58.30832514676707
1727785440,52.043258166977644,58.30832514676707
1727785440,52.043258166977644,58.30832514676707
1727785440,52.043258166977644,58.30832514676707
1727785441,52.043258166977644,58.30832514676707
1727785441,52.043258166977644,58.30832514676707
1727785441,52.043258166977644,58.30832514676707
1727785441,52.043258166977644,58.30832514676707
1727785441,52.043258166977644,58.30832514676707
1727785441,52.043258166977644,58.30832514676707
1727785441,52.043258166977644,58.30832514676707
1727785442,52.043258166977644,58.30832514676707
1727785442,52.043258166977644,58.30832514676707
1727785442,52.043258166977644,58.30832514676707
1727785442,52.043258166977644,58.30832514676707
1727785443,52.043258166977644,58.30832514676707
1727785441,52.043258166977644,58.30832514676707
1727785441,52.043258166977644,58.30832514676707
1727785441,52.043258166977644,58.30832514676707
1727785442,52.043258166977644,58.30832514676707
1727785442,52.043258166977644,58.30832514676707
1727785442,52.043258166977644,58.30832514676707
1727785442,52.043258166977644,58.30832514676707
1727785442,52.043258166977644,58.30832514676707
1727785442,52.043258166977644,58.30832514676707
1727785443,52.043258166977644,58.30832514676707
1727785443,52.043258166977644,58.30832514676707
1727785443,52.043258166977644,58.30832514676707
1727785443,52.043258166977644,58.30832514676707
1727785443,52.043258166977644,58.30832514676707
1727785444,52.043258166977644,58.30832514676707
1727785444,52.043258166977644,58.30832514676707
1727785444,52.043258166977644,58.30832514676707
1727785444,52.043258166977644,58.30832514676707
1727785444,52.043258166977644,58.30832514676707
1727785445,52.043258166977644,58.30832514676707
1727785445,52.043258166977644,58.30832514676707
1727785445,52.043258166977644,58.30832514676707
1727785443,52.043258166977644,58.30832514676707
1727785443,52.043258166977644,58.30832514676707
1727785443,52.043258166977644,58.30832514676707
1727785443,52.043258166977644,58.30832514676707
1727785443,52.043258166977644,58.30832514676707
1727785444,52.043258166977644,58.30832514676707
1727785444,52.043258166977644,58.30832514676707
1727785444,52.043258166977644,58.30832514676707
1727785444,52.043258166977644,58.30832514676707
1727785444,52.043258166977644,58.30832514676707
1727785445,52.043258166977644,58.30832514676707
1727785445,52.043258166977644,58.30832514676707
1727785445,52.043258166977644,58.30832514676707
1727785445,52.043258166977644,58.30832514676707
1727785445,52.043258166977644,58.30832514676707
1727785446,52.043258166977644,58.30832514676707
1727785446,52.043258166977644,58.30832514676707
1727785446,52.043258166977644,58.30832514676707
1727785446,52.043258166977644,58.30832514676707
1727785446,52.043258166977644,58.30832514676707
1727785445,52.043258166977644,58.30832514676707
1727785445,52.043258166977644,58.30832514676707
1727785446,52.043258166977644,58.30832514676707
1727785446,52.043258166977644,58.30832514676707
1727785446,52.043258166977644,58.30832514676707
1727785447,52.043258166977644,58.30832514676707
1727785447,52.043258166977644,58.30832514676707
1727785447,52.043258166977644,58.30832514676707
1727785447,52.043258166977644,58.30832514676707
1727785447,52.043258166977644,58.30832514676707
1727785447,52.043258166977644,58.30832514676707
1727785447,52.043258166977644,58.30832514676707
1727785448,52.043258166977644,58.30832514676707
1727785448,52.043258166977644,58.30832514676707
1727785448,52.043258166977644,58.30832514676707
1727785448,52.043258166977644,58.30832514676707
1727785448,52.043258166977644,58.30832514676707
1727785448,52.043258166977644,58.30832514676707
1727785448,52.043258166977644,58.30832514676707
1727785448,52.043258166977644,58.30832514676707
1727785448,52.043258166977644,58.30832514676707
1727785448,52.043258166977644,58.30832514676707
1727785448,52.043258166977644,58.30832514676707
1727785449,52.043258166977644,58.30832514676707
1727785451,52.043258166977644,58.30832514676707
1727785451,52.043258166977644,58.30832514676707
1727785452,52.043258166977644,58.30832514676707
1727785452,52.043258166977644,58.30832514676707
1727785452,52.043258166977644,58.30832514676707
1727785452,52.043258166977644,58.30832514676707
1727785453,52.043258166977644,58.30832514676707
1727785453,52.043258166977644,58.30832514676707
1727785453,52.043258166977644,58.30832514676707
1727785453,52.043258166977644,58.30832514676707
1727785453,52.043258166977644,58.30832514676707
1727785452,52.043258166977644,58.30832514676707
1727785453,52.043258166977644,58.30832514676707
1727785453,52.043258166977644,58.30832514676707
1727785453,52.043258166977644,58.30832514676707
1727785453,52.043258166977644,58.30832514676707
1727785454,52.043258166977644,58.30832514676707
1727785454,52.043258166977644,58.30832514676707
1727785454,52.043258166977644,58.30832514676707
1727785454,52.043258166977644,58.30832514676707
1727785454,52.043258166977644,58.30832514676707
1727785454,52.043258166977644,58.30832514676707
1727785455,52.043258166977644,58.30832514676707
1727785453,52.043258166977644,58.30832514676707
1727785454,52.043258166977644,58.30832514676707
1727785454,52.043258166977644,58.30832514676707
1727785454,52.043258166977644,58.30832514676707
1727785454,52.043258166977644,58.30832514676707
1727776883,52.084579836977646,58.23781014676707
1727798835,52.04309316697764,58.30913514676707
1727793462,52.043303166977644,58.308210146767074
1727801286,52.04764649697764,58.29793348676707
1727803108,52.04760149697764,58.29795514676707
1727796741,52.04312149697764,58.30789014676707
1727773788,52.084583166977644,58.23780848676707
1727779927,52.043254836977646,58.308626816767074
1727779961,52.04323316697764,58.30859348676707
1727779961,52.04323316697764,58.30859348676707
1727779962,52.04323316697764,58.30859348676707
1727779962,52.04323316697764,58.30859348676707
1727779961,52.04323316697764,58.30859348676707
1727779961,52.04323316697764,58.30859348676707
1727779961,52.04323316697764,58.30859348676707
1727779962,52.04323316697764,58.30859348676707
1727791439,52.04325649697764,58.30828014676707
1727779962,52.04323316697764,58.30859348676707
1727779962,52.04323316697764,58.30859348676707
1727779962,52.04323316697764,58.30859348676707
1727779962,52.04323316697764,58.30859348676707
1727779962,52.04323316697764,58.30859348676707
1727779962,52.04323316697764,58.30859348676707
1727779962,52.04323316697764,58.30859348676707
1727779963,52.04323316697764,58.30859348676707
1727779963,52.04323316697764,58.30859348676707
1727779963,52.04323316697764,58.30859348676707
1727779963,52.04323316697764,58.30859348676707
1727779963,52.04323316697764,58.30859348676707
1727779964,52.04323316697764,58.30859348676707
1727779964,52.04323316697764,58.30859348676707
1727779964,52.04323316697764,58.30859348676707
1727779963,52.04323316697764,58.30859348676707
1727779963,52.04323316697764,58.30859348676707
1727779963,52.04323316697764,58.30859348676707
1727779963,52.04323316697764,58.30859348676707
1727779963,52.04323316697764,58.30859348676707
1727779964,52.04323316697764,58.30859348676707
1727779964,52.04323316697764,58.30859348676707
1727779964,52.04323316697764,58.30859348676707
1727779964,52.04323316697764,58.30859348676707
1727779965,52.04323316697764,58.30859348676707
1727779965,52.04323316697764,58.30859348676707
1727779965,52.04323316697764,58.30859348676707
1727779965,52.04323316697764,58.30859348676707
1727779980,52.043221496977644,58.30862014676707
1727779964,52.04323316697764,58.30859348676707
1727779964,52.04323316697764,58.30859348676707
1727779964,52.04323316697764,58.30859348676707
1727779965,52.04323316697764,58.30859348676707
1727779965,52.04323316697764,58.30859348676707
1727779965,52.04323316697764,58.30859348676707
1727779965,52.04323316697764,58.30859348676707
1727777674,52.049961496977645,58.28994181676707
1727777651,52.05216316697764,58.29020514676707
